1860 2936
748 184 798 190 -.
903 160 958 200 20
1067 184 1117 191 ...-

176 265 369 312 valuisse,
404 268 450 305 ut
477 265 548 305 alii
579 276 736 318 quoque
764 264 1000 319 philosophi
1026 278 1073 305 eo
1101 270 1323 313 uterentur,
1352 267 1392 306 id
1422 266 1527 318 quod
1554 279 1575 306 e
1603 279 1687 320 ‚pa-

99 333 108 339 ’
176 339 305 378 rasiti‘
334 339 356 390 ἓ
384 338 437 378 55
465 341 599 389 patet,
645 338 714 378 ubi
743 339 923 391 plerique
965 339 1196 392 philosophi
1239 339 1384 379 bacula
1412 343 1570 389 gestare
1597 351 1689 391 per-

177 410 376 451 hibentur.
431 410 492 450 Ac
519 413 657 451 tamen
683 411 881 464 imprimis
909 411 988 450 fuit
1016 412 1258 463 cynicorQn.
1288 410 1357 463 qui
1385 411 1436 451 ad
1467 410 1687 461 Diagenem

177 483 443 535 Sinopensem
471 482 579 523 hunc
606 495 758 524 morem
787 483 1020 524 referebant
1035 484 1084 533 l).

281 577 434 616 Eodem
461 577 582 627 modo
600 577 817 617 aLuciano
847 578 968 617 etiam
996 579 1036 617 in
1053 563 1223 632 *morium
1253 578 1525 630 descriptione
1552 589 1600 617 ea
1628 578 1688 617 eis

176 649 394 689 tribuenda
414 654 560 699 erant,
589 661 689 702 quae
718 663 808 690 cum
838 662 974 689 eorum
1003 650 1137 695 indole
1178 650 1453 700 congruebant
1480 644 1531 689 ab
1561 651 1688 690 omni-

179 722 333 773 busque
362 723 528 775 propria
544 734 681 762 eorum
698 734 785 762 esse
800 722 1059 774 putabantur.
1090 722 1191 770 Quid
1208 734 1302 762 vero
1320 722 1409 770 fuit,
1430 722 1506 762 nisi
1517 722 1688 763 irridere

178 794 440 846 philosophos
470 798 510 835 et
548 807 641 835 cum
681 795 872 834 libertate
899 793 1107 834 hominum
1146 795 1245 834 vitia
1285 794 1500 844 detegere?
1556 795 1688 842 Quare

177 868 220 906 in
250 867 383 918 primo
414 866 590 917 dialogo,
628 867 697 906 ubi
733 867 866 916 imago
901 867 1079 919 Menippi
1123 867 1397 916 adumbratur,
1436 870 1541 919 apte,
1583 868 1688 907 unde

180 939 372 989 cognosci
399 939 544 991 possit,
587 937 651 987 ,τὸ
683 940 765 978 τῶν
796 937 1013 992 ἐριζόντων
1058 936 1155 989 πρὸς
1182 937 1393 991 ἀλλήλους
1436 937 1688 989 φιλοσόφων

181 1010 438 1063 κουιίκγελᾶιι6
468 1010 515 1061 (Ι,
547 1013 588 1062 1)
617 1011 882 1061 significatur.
938 1011 1063 1059 Quam
1094 1024 1307 1064 personam
1345 1012 1491 1065 ubique
1519 1012 1577 1052 ita
1603 1012 1689 1051 fere

178 1089 325 1131 tuetur,
370 1088 415 1124 ut
441 1097 522 1123 non
563 1084 684 1123 modo
723 1085 768 1123 in
803 1084 898 1129 hos,
937 1085 1008 1123 sed
1045 1086 1086 1124 in
1123 1097 1260 1124 omnes
1299 1085 1475 1124 omnium
1504 1085 1690 1124 ordinum

179 1158 362 1197 homines
402 1156 663 1197 acerbissime
699 1156 934 1203 invehatur;
976 1157 1085 1197 velut
1121 1157 1312 1197 Croes'um
1351 1157 1580 1209 sociosque,
1621 1156 1691 1208 qui

181 1232 229 1270 de
258 1230 375 1269 bonis
399 1230 445 1269 in
464 1231 548 1269 vita
575 1230 728 1269 relictis
760 1229 1042 1281 querebantur,
1072 1230 1179 1269 ridet
1208 1229 1293 1279 (II),
1323 1229 1432 1269 velut
1458 1229 1689 1281 philosophi

130 1342 139 1346 ,
181 1303 393 1342 cuiusdam
420 1302 525 1341 vitia
551 1293 780 1341 nefasta‘et
809 1301 966 1340 occulta
993 1301 1196 1341 Mercurio
1225 1302 1355 1353 aperit
1383 1300 1451 1354 (X,
1469 1301 1552 1353 11),
1580 1301 1690 1340 velut

179 1374 450 1426 Pythagoram
480 1373 590 1423 (XX,
618 1374 684 1422 3),
712 1373 995 1425 Empedoclem
1025 1373 1132 1422 (XX,
1159 1375 1226 1421 4),
1264 1374 1474 1414 Socratem
1513 1373 1618 1421 (XX,
1646 1372 1690 1424 6)

179 1447 355 1486 ludibrio
384 1446 526 1492 habet;
565 1450 649 1486 tum
679 1447 841 1499 saepius
870 1457 938 1485 eos
970 1445 1274 1497 quaestionibus
1303 1449 1438 1495 vexat,
1467 1445 1516 1485 de
1546 1445 1689 1497 quibus

180 1519 343 1560 fabulae
371 1520 531 1572 ineptae
560 1519 764 1567 valebant,
812 1518 1023 1560 Tantalum
1053 1518 1225 1571 (XVII),
1268 1519 1478 1560 Chironem
1507 1516 1690 1570 (XXVI),

181 1594 381 1633 Tiresiam
410 1591 633 1643 (XXVIII).
663 1615 712 1621 —
742 1591 919 1632 Maxime
947 1593 989 1631 in
1007 1603 1101 1631 orco
1130 1592 1241 1631 nulla
1263 1593 1424 1631 omnino
1444 1591 1690 1638 discrimina,

182 1666 253 1706 sed
283 1677 420 1704 omnes
450 1664 634 1704 omnibus
663 1665 815 1704 similes
848 1676 938 1704 esse
968 1676 1015 1704 ac
1042 1676 1160 1716 pares
1172 1664 1206 1712 ²)
1236 1667 1443 1704 asseverat
1471 1667 1511 1703 et
1525 1664 1574 1703 ab
1606 1675 1691 1702 om-

181 1738 300 1778 nibus
339 1740 433 1789 post
468 1740 641 1776 mortem
681 1738 805 1776 totius
849 1738 957 1776 vitae
995 1738 1191 1776 rationem
1237 1737 1548 1783 reddendam³).
1603 1736 1692 1782 Qua

182 1823 275 1850 vero
305 1810 491 1850 libertate
520 1808 750 1861 Menippus,
778 1810 873 1849 dum
903 1808 1015 1855 vivit,
1044 1809 1131 1856 suit,
1161 1821 1208 1848 ea
1230 1809 1271 1848 in
1292 1821 1383 1849 orco
1414 1820 1569 1861 quoque
1599 1819 1691 1847 cum

183 1883 297 1929 alias,
326 1885 412 1921 tum
442 1881 514 1929 ibi,
539 1880 607 1921 ubi
632 1893 721 1921 cum
740 1882 825 1921 deis
854 1882 954 1933 ipsis
984 1880 1279 1931 confabulatur,
1308 1884 1453 1927 utitur;
1481 1880 1692 1921 Plutonem

184 1957 290 1996 enim
327 1954 510 2006 desipere
548 1966 630 1993 non
669 1954 830 1994 dubitat
872 1953 1066 2006 eloqui4).
1124 1953 1257 1994 Unum
1297 1953 1694 1994 commemorandum
1769 1955 1771 1958 ’

183 2032 256 2077 est,
285 2027 390 2067 unde
418 2028 596 2066 maxime
624 2039 649 2066 a
675 2027 839 2078 reliquis
868 2026 1098 2066 hominibus
1141 2027 1357 2079 discrepet.
1412 2026 1445 2065 Ii
1473 2027 1578 2065 enim
1607 2026 1643 2065 si
1671 2036 1692 2064 e
1736 2044 1742 2049 ·

182 2102 267 2141 vita
297 2098 586 2140 discedendum
616 2102 688 2146 est,
719 2099 956 2149 gravissime
986 2098 1124 2139 dolent
1164 2099 1271 2139 bona
1311 2098 1573 2150 relinquenda
1604 2109 1692 2138 esse

182 2172 622 2222 lamentationibusque
662 2172 865 2211 Mercurio
895 2175 934 2211 et
962 2171 1165 2219 Charonti,
1208 2172 1303 2211 dum
1331 2170 1588 2218 traiciuntur,
1622 2169 1693 2208 ob-

184 2248 389 2297 strepunt3
417 2243 487 2283 ille
518 2247 660 2284 contra
686 2243 828 2284 libenti
857 2244 988 2284 animo
1026 2246 1231 2283 mortuum
1260 2255 1304 2283 se
1337 2255 1424 2284 esse
1457 2243 1556 2284 dicit
1568 2243 1603 2293 ⁵)
1632 2244 1692 2281 at-

270 2413 302 2447 1)
327 2412 420 2451 Diog.
445 2411 481 2442 L.
506 2412 557 2449 Vl,
581 2410 634 2452 22,
657 2410 710 2443 23.

267 2473 302 2512 2)
327 2473 402 2504 dial.
427 2476 522 2504 mort.
547 2473 661 2511 xvm,
688 2473 719 2504 1.

271 2536 306 2573 3)
332 2534 408 2566 dial.
433 2537 526 2566 mort.
550 2535 588 2572 X,
614 2535 664 2567 13.

270 2596 305 2635 4)
331 2596 406 2626 dial.
432 2599 524 2627 mort.
549 2599 592 2636 ΙΙ,
618 2599 647 2629 1.

270 2658 305 2698 5)
331 2656 405 2689 dial.
429 2660 523 2689 morl.
548 2658 584 2696 X,
611 2657 663 2690 11.
