<?xml version="1.0" encoding="UTF-8"?>
<!DOCTYPE html PUBLIC "-//W3C//DTD XHTML 1.0 Transitional//EN"
    "http://www.w3.org/TR/xhtml1/DTD/xhtml1-transitional.dtd">
<html xmlns="http://www.w3.org/1999/xhtml" xml:lang="en" lang="en">
 <head>
  <title>
</title>
<meta http-equiv="Content-Type" content="text/html;charset=utf-8" />
  <meta name='ocr-system' content='tesseract 3.04.00' />
  <meta name='ocr-capabilities' content='ocr_page ocr_carea ocr_par ocr_line ocrx_word'/>
</head>
<body>
  <div class='ocr_page' id='page_1' title='image "4737226_0026.png"; bbox 0 0 1860 2936; ppageno 0'>
   <div class='ocr_carea' id='block_1_1' title="bbox 766 151 1133 188">
    <p class='ocr_par' dir='ltr' id='par_1_1' title="bbox 766 151 1133 188">
     <span class='ocr_line' id='line_1_1' title="bbox 766 151 1133 188; baseline -0.003 -8"><span class='ocrx_word' id='word_1_1' title='bbox 766 172 817 180; x_wconf 88' lang='grc'>-.-</span> <span class='ocrx_word' id='word_1_2' title='bbox 928 151 975 188; x_wconf 78' lang='grc'>18</span> <span class='ocrx_word' id='word_1_3' title='bbox 1083 174 1133 179; x_wconf 76' lang='grc'>,-</span> 
     </span>
    </p>
   </div>
   <div class='ocr_carea' id='block_1_2' title="bbox 155 242 1693 2556">
    <p class='ocr_par' dir='ltr' id='par_1_2' title="bbox 155 242 1692 671">
     <span class='ocr_line' id='line_1_2' title="bbox 181 242 1689 307; baseline 0.001 -14"><span class='ocrx_word' id='word_1_4' title='bbox 181 256 265 300; x_wconf 82' lang='lat' dir='ltr'>est3</span> <span class='ocrx_word' id='word_1_5' title='bbox 293 257 412 305; x_wconf 84' lang='lat' dir='ltr'>atque</span> <span class='ocrx_word' id='word_1_6' title='bbox 439 253 539 293; x_wconf 85' lang='lat' dir='ltr'>haec</span> <span class='ocrx_word' id='word_1_7' title='bbox 567 242 671 294; x_wconf 83' lang='lat' dir='ltr'>ratio</span> <span class='ocrx_word' id='word_1_8' title='bbox 700 254 949 306; x_wconf 83' lang='lat' dir='ltr'>probabilior</span> <span class='ocrx_word' id='word_1_9' title='bbox 978 255 1149 304; x_wconf 86' lang='lat' dir='ltr'>videtur,</span> <span class='ocrx_word' id='word_1_10' title='bbox 1178 267 1295 307; x_wconf 84' lang='lat' dir='ltr'>quam</span> <span class='ocrx_word' id='word_1_11' title='bbox 1327 246 1381 294; x_wconf 86' lang='lat' dir='ltr'>ad</span> <span class='ocrx_word' id='word_1_12' title='bbox 1412 254 1559 295; x_wconf 87' lang='lat' dir='ltr'>bellum</span> <span class='ocrx_word' id='word_1_13' title='bbox 1590 267 1689 296; x_wconf 90' lang='lat' dir='ltr'>non·</span> 
     </span>
     <span class='ocr_line' id='line_1_3' title="bbox 182 325 1690 381; baseline 0.001 -15"><span class='ocrx_word' id='word_1_14' title='bbox 182 326 277 366; x_wconf 87' lang='lat' dir='ltr'>dum</span> <span class='ocrx_word' id='word_1_15' title='bbox 316 329 467 366; x_wconf 88' lang='lat' dir='ltr'>motum</span> <span class='ocrx_word' id='word_1_16' title='bbox 504 339 648 379; x_wconf 89' lang='lat' dir='ltr'>pacem</span> <span class='ocrx_word' id='word_1_17' title='bbox 687 325 799 367; x_wconf 88' lang='lat' dir='ltr'>illam</span> <span class='ocrx_word' id='word_1_18' title='bbox 837 327 1013 374; x_wconf 81' lang='lat' dir='ltr'>referre3</span> <span class='ocrx_word' id='word_1_19' title='bbox 1056 339 1174 379; x_wconf 88' lang='lat' dir='ltr'>quam</span> <span class='ocrx_word' id='word_1_20' title='bbox 1205 328 1239 367; x_wconf 88' lang='lat' dir='ltr'>si</span> <span class='ocrx_word' id='word_1_21' title='bbox 1268 327 1609 380; x_wconf 83' lang='lat' dir='ltr'><strong>probavissemus,</strong></span> <span class='ocrx_word' id='word_1_22' title='bbox 1650 328 1690 381; x_wconf 80' lang='lat' dir='ltr'>hi</span> 
     </span>
     <span class='ocr_line' id='line_1_4' title="bbox 181 399 1692 453; baseline 0.001 -14"><span class='ocrx_word' id='word_1_23' title='bbox 181 399 332 449; x_wconf 85' lang='lat' dir='ltr'>dialogi</span> <span class='ocrx_word' id='word_1_24' title='bbox 360 399 502 439; x_wconf 88' lang='lat' dir='ltr'>eodem</span> <span class='ocrx_word' id='word_1_25' title='bbox 541 404 732 452; x_wconf 86' lang='lat' dir='ltr'>tempore,</span> <span class='ocrx_word' id='word_1_26' title='bbox 762 412 839 452; x_wconf 88' lang='lat' dir='ltr'>quo</span> <span class='ocrx_word' id='word_1_27' title='bbox 879 400 1177 448; x_wconf 85' lang='lat' dir='ltr'>,Hermotimus‘</span> <span class='ocrx_word' id='word_1_28' title='bbox 1219 412 1322 440; x_wconf 90' lang='lat' dir='ltr'>anno</span> <span class='ocrx_word' id='word_1_29' title='bbox 1361 402 1439 441; x_wconf 87' lang='grc'>160</span> <span class='ocrx_word' id='word_1_30' title='bbox 1478 401 1692 453; x_wconf 83' lang='lat' dir='ltr'><strong>compositi</strong></span> 
     </span>
     <span class='ocr_line' id='line_1_5' title="bbox 182 473 1692 526; baseline 0.001 -14"><span class='ocrx_word' id='word_1_31' title='bbox 182 473 483 525; x_wconf 84' lang='lat' dir='ltr'>satirarumque</span> <span class='ocrx_word' id='word_1_32' title='bbox 511 473 678 513; x_wconf 89' lang='lat' dir='ltr'>Luciani</span> <span class='ocrx_word' id='word_1_33' title='bbox 708 474 908 526; x_wconf 76' lang='lat' dir='ltr'>primitiae</span> <span class='ocrx_word' id='word_1_34' title='bbox 938 479 1094 521; x_wconf 86' lang='lat' dir='ltr'>essent;</span> <span class='ocrx_word' id='word_1_35' title='bbox 1123 474 1161 513; x_wconf 93' lang='lat' dir='ltr'>id</span> <span class='ocrx_word' id='word_1_36' title='bbox 1196 474 1300 524; x_wconf 85' lang='lat' dir='ltr'>quod</span> <span class='ocrx_word' id='word_1_37' title='bbox 1329 476 1587 514; x_wconf 87' lang='lat' dir='ltr'>statuendum</span> <span class='ocrx_word' id='word_1_38' title='bbox 1612 486 1692 516; x_wconf 86' lang='lat' dir='ltr'>non</span> 
     </span>
     <span class='ocr_line' id='line_1_6' title="bbox 155 545 1691 599; baseline 0.001 -15"><span class='ocrx_word' id='word_1_39' title='bbox 155 559 158 567; x_wconf 70' lang='lat'><strong><em>¹</em></strong></span> <span class='ocrx_word' id='word_1_40' title='bbox 183 545 352 585; x_wconf 90' lang='lat' dir='ltr'>videtur.</span> <span class='ocrx_word' id='word_1_41' title='bbox 384 546 486 585; x_wconf 88' lang='lat' dir='ltr'>Nam</span> <span class='ocrx_word' id='word_1_42' title='bbox 517 546 735 585; x_wconf 87' lang='lat' dir='ltr'>verisimile</span> <span class='ocrx_word' id='word_1_43' title='bbox 764 550 838 595; x_wconf 88' lang='lat' dir='ltr'>est,</span> <span class='ocrx_word' id='word_1_44' title='bbox 866 551 910 586; x_wconf 85' lang='lat' dir='ltr'>ut</span> <span class='ocrx_word' id='word_1_45' title='bbox 935 546 1040 586; x_wconf 86' lang='lat' dir='ltr'>infra</span> <span class='ocrx_word' id='word_1_46' title='bbox 1069 547 1293 599; x_wconf 81' lang='lat' dir='ltr'>apparebit,</span> <span class='ocrx_word' id='word_1_47' title='bbox 1323 547 1444 586; x_wconf 87' lang='lat' dir='ltr'>etiam</span> <span class='ocrx_word' id='word_1_48' title='bbox 1467 546 1691 599; x_wconf 87' lang='lat' dir='ltr'>,Cataplum</span> 
     </span>
     <span class='ocr_line' id='line_1_7' title="bbox 183 618 966 671; baseline 0.001 -13"><span class='ocrx_word' id='word_1_49' title='bbox 183 618 389 668; x_wconf 85' lang='lat' dir='ltr'>dialogum</span> <span class='ocrx_word' id='word_1_50' title='bbox 419 622 512 658; x_wconf 87' lang='lat' dir='ltr'>ante</span> <span class='ocrx_word' id='word_1_51' title='bbox 541 631 608 658; x_wconf 89' lang='lat' dir='ltr'>eos</span> <span class='ocrx_word' id='word_1_52' title='bbox 638 619 837 671; x_wconf 91' lang='lat' dir='ltr'>scriptum</span> <span class='ocrx_word' id='word_1_53' title='bbox 866 632 966 659; x_wconf 88' lang='lat' dir='ltr'>esse.</span> 
     </span>
    </p>

    <p class='ocr_par' dir='ltr' id='par_1_3' title="bbox 179 690 1693 2191">
     <span class='ocr_line' id='line_1_8' title="bbox 284 690 1691 744; baseline 0.001 -14"><span class='ocrx_word' id='word_1_54' title='bbox 284 690 538 731; x_wconf 82' lang='lat' dir='ltr'>Certioribus</span> <span class='ocrx_word' id='word_1_55' title='bbox 566 692 727 730; x_wconf 90' lang='lat' dir='ltr'>indiciis</span> <span class='ocrx_word' id='word_1_56' title='bbox 756 691 872 730; x_wconf 87' lang='lat' dir='ltr'>nobis</span> <span class='ocrx_word' id='word_1_57' title='bbox 900 693 958 730; x_wconf 93' lang='lat' dir='ltr'>uti</span> <span class='ocrx_word' id='word_1_58' title='bbox 986 691 1093 741; x_wconf 89' lang='lat' dir='ltr'>licet,</span> <span class='ocrx_word' id='word_1_59' title='bbox 1122 692 1154 730; x_wconf 89' lang='lat' dir='ltr'>si</span> <span class='ocrx_word' id='word_1_60' title='bbox 1179 702 1256 743; x_wconf 89' lang='lat' dir='ltr'>quo</span> <span class='ocrx_word' id='word_1_61' title='bbox 1286 704 1390 732; x_wconf 88' lang='lat' dir='ltr'>anno</span> <span class='ocrx_word' id='word_1_62' title='bbox 1411 692 1691 744; x_wconf 73' lang='lat' dir='ltr'>‚Icaromenip·</span> 
     </span>
     <span class='ocr_line' id='line_1_9' title="bbox 182 763 1692 820; baseline 0.001 -18"><span class='ocrx_word' id='word_1_63' title='bbox 182 766 273 815; x_wconf 88' lang='lat' dir='ltr'>pus‘</span> <span class='ocrx_word' id='word_1_64' title='bbox 302 763 435 803; x_wconf 87' lang='lat' dir='ltr'>editus</span> <span class='ocrx_word' id='word_1_65' title='bbox 465 763 532 810; x_wconf 70' lang='lat' dir='ltr'>sit,</span> <span class='ocrx_word' id='word_1_66' title='bbox 559 764 861 813; x_wconf 84' lang='lat' dir='ltr'>investigamus.</span> <span class='ocrx_word' id='word_1_67' title='bbox 917 764 997 804; x_wconf 89' lang='lat' dir='ltr'>Sub</span> <span class='ocrx_word' id='word_1_68' title='bbox 1027 764 1145 803; x_wconf 87' lang='lat' dir='ltr'>finem</span> <span class='ocrx_word' id='word_1_69' title='bbox 1174 765 1280 803; x_wconf 86' lang='lat' dir='ltr'>enim</span> <span class='ocrx_word' id='word_1_70' title='bbox 1309 763 1425 804; x_wconf 91' lang='lat' dir='ltr'>huius</span> <span class='ocrx_word' id='word_1_71' title='bbox 1455 765 1607 814; x_wconf 84' lang='lat' dir='ltr'>dialogi</span> <span class='ocrx_word' id='word_1_72' title='bbox 1630 765 1692 820; x_wconf 69' lang='lat' dir='ltr'>in-⁴</span> 
     </span>
     <span class='ocr_line' id='line_1_10' title="bbox 188 835 1693 890; baseline 0.001 -15"><span class='ocrx_word' id='word_1_73' title='bbox 188 837 412 885; x_wconf 82' lang='lat' dir='ltr'>veniuntur,</span> <span class='ocrx_word' id='word_1_74' title='bbox 441 835 550 875; x_wconf 89' lang='lat' dir='ltr'>unde</span> <span class='ocrx_word' id='word_1_75' title='bbox 574 835 635 875; x_wconf 91' lang='lat' dir='ltr'>Fr.</span> <span class='ocrx_word' id='word_1_76' title='bbox 662 835 909 876; x_wconf 87' lang='lat' dir='ltr'>Fritzsobius</span> <span class='ocrx_word' id='word_1_77' title='bbox 938 836 1068 876; x_wconf 89' lang='lat' dir='ltr'>hieme</span> <span class='ocrx_word' id='word_1_78' title='bbox 1100 848 1124 875; x_wconf 90' lang='lat' dir='ltr'>a</span> <span class='ocrx_word' id='word_1_79' title='bbox 1152 836 1248 876; x_wconf 83' lang='lat' dir='ltr'>anni</span> <span class='ocrx_word' id='word_1_80' title='bbox 1278 837 1354 877; x_wconf 87' lang='lat'>180</span> <span class='ocrx_word' id='word_1_81' title='bbox 1381 848 1470 877; x_wconf 91' lang='lat' dir='ltr'>eum</span> <span class='ocrx_word' id='word_1_82' title='bbox 1498 838 1693 890; x_wconf 88' lang='lat' dir='ltr'>scriptum</span> 
     </span>
     <span class='ocr_line' id='line_1_11' title="bbox 179 909 1692 961; baseline 0 -12"><span class='ocrx_word' id='word_1_83' title='bbox 179 922 272 949; x_wconf 83' lang='lat' dir='ltr'>esse</span> <span class='ocrx_word' id='word_1_84' title='bbox 302 909 505 948; x_wconf 82' lang='lat' dir='ltr'>subtiliter</span> <span class='ocrx_word' id='word_1_85' title='bbox 533 910 666 948; x_wconf 73' lang='lat' dir='ltr'>evicit.</span> <span class='ocrx_word' id='word_1_86' title='bbox 719 909 891 956; x_wconf 86' lang='lat' dir='ltr'>Etenim,</span> <span class='ocrx_word' id='word_1_87' title='bbox 921 912 967 948; x_wconf 89' lang='lat' dir='ltr'>ut</span> <span class='ocrx_word' id='word_1_88' title='bbox 996 909 1255 960; x_wconf 88' lang='lat' dir='ltr'>complectar,</span> <span class='ocrx_word' id='word_1_89' title='bbox 1299 922 1398 961; x_wconf 87' lang='lat' dir='ltr'>quae</span> <span class='ocrx_word' id='word_1_90' title='bbox 1424 910 1487 949; x_wconf 86' lang='lat' dir='ltr'>vir</span> <span class='ocrx_word' id='word_1_91' title='bbox 1514 910 1583 949; x_wconf 91' lang='lat' dir='ltr'>ille</span> <span class='ocrx_word' id='word_1_92' title='bbox 1619 911 1692 949; x_wconf 92' lang='lat' dir='ltr'>do-</span> 
     </span>
     <span class='ocr_line' id='line_1_12' title="bbox 183 980 1692 1037; baseline 0.001 -16"><span class='ocrx_word' id='word_1_93' title='bbox 183 982 387 1021; x_wconf 88' lang='lat' dir='ltr'>ctissimus</span> <span class='ocrx_word' id='word_1_94' title='bbox 419 981 546 1033; x_wconf 84' lang='lat' dir='ltr'>deque</span> <span class='ocrx_word' id='word_1_95' title='bbox 575 980 753 1020; x_wconf 90' lang='lat' dir='ltr'>Luciano</span> <span class='ocrx_word' id='word_1_96' title='bbox 796 982 1079 1037; x_wconf 82' lang='lat' dir='ltr'>meritissimus</span> <span class='ocrx_word' id='word_1_97' title='bbox 1118 980 1344 1033; x_wconf 88' lang='lat' dir='ltr'>disputavit</span> <span class='ocrx_word' id='word_1_98' title='bbox 1358 981 1406 1034; x_wconf 81' lang='grc'>1),</span> <span class='ocrx_word' id='word_1_99' title='bbox 1441 983 1692 1034; x_wconf 88' lang='lat' dir='ltr'>praesentis-</span> 
     </span>
     <span class='ocr_line' id='line_1_13' title="bbox 182 1047 1691 1108; baseline 0.001 -15"><span class='ocrx_word' id='word_1_100' title='bbox 182 1054 327 1094; x_wconf 88' lang='lat' dir='ltr'>simum</span> <span class='ocrx_word' id='word_1_101' title='bbox 357 1055 565 1094; x_wconf 90' lang='lat' dir='ltr'>interitum</span> <span class='ocrx_word' id='word_1_102' title='bbox 610 1066 736 1106; x_wconf 87' lang='lat' dir='ltr'>prope</span> <span class='ocrx_word' id='word_1_103' title='bbox 765 1055 816 1094; x_wconf 82' lang='lat' dir='ltr'>ad</span> <span class='ocrx_word' id='word_1_104' title='bbox 856 1047 1173 1095; x_wconf 74' lang='lat' dir='ltr'>internecionem</span> <span class='ocrx_word' id='word_1_105' title='bbox 1215 1055 1398 1095; x_wconf 87' lang='lat' dir='ltr'>omnibus</span> <span class='ocrx_word' id='word_1_106' title='bbox 1441 1055 1691 1108; x_wconf 89' lang='lat' dir='ltr'>philosophis</span> 
     </span>
     <span class='ocr_line' id='line_1_14' title="bbox 182 1126 1691 1180; baseline 0.001 -14"><span class='ocrx_word' id='word_1_107' title='bbox 182 1127 417 1178; x_wconf 86' lang='lat' dir='ltr'>impendere</span> <span class='ocrx_word' id='word_1_108' title='bbox 444 1126 649 1166; x_wconf 85' lang='lat' dir='ltr'>Lucianus</span> <span class='ocrx_word' id='word_1_109' title='bbox 686 1126 893 1178; x_wconf 83' lang='lat' dir='ltr'>professus</span> <span class='ocrx_word' id='word_1_110' title='bbox 932 1131 995 1167; x_wconf 89' lang='lat' dir='ltr'>est</span> <span class='ocrx_word' id='word_1_111' title='bbox 1006 1143 1015 1175; x_wconf 92' lang='lat'>;</span> <span class='ocrx_word' id='word_1_112' title='bbox 1046 1126 1088 1166; x_wconf 90' lang='lat' dir='ltr'>id</span> <span class='ocrx_word' id='word_1_113' title='bbox 1117 1127 1222 1179; x_wconf 85' lang='lat' dir='ltr'>quod</span> <span class='ocrx_word' id='word_1_114' title='bbox 1267 1139 1392 1180; x_wconf 89' lang='lat' dir='ltr'>neque</span> <span class='ocrx_word' id='word_1_115' title='bbox 1419 1128 1510 1167; x_wconf 91' lang='lat' dir='ltr'>vivo</span> <span class='ocrx_word' id='word_1_116' title='bbox 1539 1128 1691 1178; x_wconf 79' lang='lat' dir='ltr'>Marco,</span> 
     </span>
     <span class='ocr_line' id='line_1_15' title="bbox 181 1199 1692 1252; baseline 0 -12"><span class='ocrx_word' id='word_1_117' title='bbox 181 1212 310 1252; x_wconf 88' lang='lat' dir='ltr'>neque</span> <span class='ocrx_word' id='word_1_118' title='bbox 338 1200 465 1239; x_wconf 89' lang='lat' dir='ltr'>multo</span> <span class='ocrx_word' id='word_1_119' title='bbox 494 1204 587 1252; x_wconf 92' lang='lat' dir='ltr'>post</span> <span class='ocrx_word' id='word_1_120' title='bbox 614 1201 699 1240; x_wconf 89' lang='lat' dir='ltr'>eius</span> <span class='ocrx_word' id='word_1_121' title='bbox 728 1203 897 1239; x_wconf 90' lang='lat' dir='ltr'>mortem</span> <span class='ocrx_word' id='word_1_122' title='bbox 928 1200 1050 1240; x_wconf 82' lang='lat' dir='ltr'>scribi</span> <span class='ocrx_word' id='word_1_123' title='bbox 1079 1199 1160 1239; x_wconf 93' lang='lat' dir='ltr'>ullo</span> <span class='ocrx_word' id='word_1_124' title='bbox 1190 1202 1308 1240; x_wconf 90' lang='lat' dir='ltr'>modo</span> <span class='ocrx_word' id='word_1_125' title='bbox 1338 1202 1481 1252; x_wconf 89' lang='lat' dir='ltr'>potuit.</span> <span class='ocrx_word' id='word_1_126' title='bbox 1519 1200 1557 1240; x_wconf 90' lang='lat' dir='ltr'>Is</span> <span class='ocrx_word' id='word_1_127' title='bbox 1586 1202 1692 1240; x_wconf 89' lang='lat' dir='ltr'>enim</span> 
     </span>
     <span class='ocr_line' id='line_1_16' title="bbox 182 1271 1692 1324; baseline 0.001 -13"><span class='ocrx_word' id='word_1_128' title='bbox 182 1273 407 1323; x_wconf 84' lang='lat' dir='ltr'>imperator</span> <span class='ocrx_word' id='word_1_129' title='bbox 436 1271 539 1310; x_wconf 88' lang='lat' dir='ltr'>binis</span> <span class='ocrx_word' id='word_1_130' title='bbox 579 1274 771 1322; x_wconf 89' lang='lat' dir='ltr'>quattuor</span> <span class='ocrx_word' id='word_1_131' title='bbox 816 1275 1017 1311; x_wconf 88' lang='lat' dir='ltr'>sectarum</span> <span class='ocrx_word' id='word_1_132' title='bbox 1054 1272 1304 1324; x_wconf 90' lang='lat' dir='ltr'>pbilosophis</span> <span class='ocrx_word' id='word_1_133' title='bbox 1334 1273 1473 1322; x_wconf 87' lang='lat' dir='ltr'>ingens</span> <span class='ocrx_word' id='word_1_134' title='bbox 1516 1285 1692 1312; x_wconf 89' lang='lat' dir='ltr'>annuum</span> 
     </span>
     <span class='ocr_line' id='line_1_17' title="bbox 184 1342 1692 1396; baseline 0 -12"><span class='ocrx_word' id='word_1_135' title='bbox 184 1345 432 1396; x_wconf 88' lang='lat' dir='ltr'>stipendium</span> <span class='ocrx_word' id='word_1_136' title='bbox 461 1343 622 1395; x_wconf 90' lang='lat' dir='ltr'>publice</span> <span class='ocrx_word' id='word_1_137' title='bbox 654 1342 759 1383; x_wconf 88' lang='lat' dir='ltr'>solvi</span> <span class='ocrx_word' id='word_1_138' title='bbox 788 1344 920 1383; x_wconf 89' lang='lat' dir='ltr'>iussit.</span> <span class='ocrx_word' id='word_1_139' title='bbox 953 1368 996 1373; x_wconf 91' lang='lat'>—</span> <span class='ocrx_word' id='word_1_140' title='bbox 1029 1343 1182 1390; x_wconf 84' lang='lat' dir='ltr'>Quodsi</span> <span class='ocrx_word' id='word_1_141' title='bbox 1210 1344 1330 1395; x_wconf 86' lang='lat' dir='ltr'>paulo</span> <span class='ocrx_word' id='word_1_142' title='bbox 1358 1349 1451 1395; x_wconf 90' lang='lat' dir='ltr'>post</span> <span class='ocrx_word' id='word_1_143' title='bbox 1478 1345 1562 1384; x_wconf 88' lang='lat' dir='ltr'>eius</span> <span class='ocrx_word' id='word_1_144' title='bbox 1584 1357 1692 1384; x_wconf 91' lang='lat' dir='ltr'>mor-</span> 
     </span>
     <span class='ocr_line' id='line_1_18' title="bbox 184 1416 1692 1468; baseline 0 -11"><span class='ocrx_word' id='word_1_145' title='bbox 184 1422 265 1458; x_wconf 90' lang='lat' dir='ltr'>tem</span> <span class='ocrx_word' id='word_1_146' title='bbox 294 1417 397 1457; x_wconf 90' lang='lat' dir='ltr'>hunc</span> <span class='ocrx_word' id='word_1_147' title='bbox 427 1416 632 1465; x_wconf 85' lang='lat' dir='ltr'>dialogum</span> <span class='ocrx_word' id='word_1_148' title='bbox 661 1416 856 1468; x_wconf 88' lang='lat' dir='ltr'>scriptum</span> <span class='ocrx_word' id='word_1_149' title='bbox 885 1429 973 1456; x_wconf 88' lang='lat' dir='ltr'>esse</span> <span class='ocrx_word' id='word_1_150' title='bbox 1002 1419 1228 1464; x_wconf 86' lang='lat' dir='ltr'>statuimus,</span> <span class='ocrx_word' id='word_1_151' title='bbox 1258 1417 1377 1456; x_wconf 89' lang='lat' dir='ltr'>etiam</span> <span class='ocrx_word' id='word_1_152' title='bbox 1406 1417 1551 1465; x_wconf 86' lang='lat' dir='ltr'>verbis,</span> <span class='ocrx_word' id='word_1_153' title='bbox 1590 1429 1692 1468; x_wconf 89' lang='lat' dir='ltr'>quae</span> 
     </span>
     <span class='ocr_line' id='line_1_19' title="bbox 183 1485 1692 1543; baseline -0.001 -14"><span class='ocrx_word' id='word_1_154' title='bbox 183 1495 278 1531; x_wconf 84' lang='lat' dir='ltr'>sunt</span> <span class='ocrx_word' id='word_1_155' title='bbox 303 1492 324 1542; x_wconf 64' lang='grc' dir='ltr'><strong>ἓ</strong></span> <span class='ocrx_word' id='word_1_156' title='bbox 352 1492 403 1531; x_wconf 87' lang='lat'>33</span> <span class='ocrx_word' id='word_1_157' title='bbox 432 1489 654 1543; x_wconf 75' lang='grc' dir='ltr'><em>,ἱερομηνία</em></span> <span class='ocrx_word' id='word_1_158' title='bbox 684 1488 762 1543; x_wconf 65' lang='grc' dir='ltr'>’γάρ</span> <span class='ocrx_word' id='word_1_159' title='bbox 793 1487 916 1533; x_wconf 81' lang='grc' dir='ltr'><em>ἐστιν,</em></span> <span class='ocrx_word' id='word_1_160' title='bbox 947 1485 995 1537; x_wconf 76' lang='grc' dir='ltr'>ὡς</span> <span class='ocrx_word' id='word_1_161' title='bbox 1022 1487 1124 1535; x_wconf 78' lang='grc' dir='ltr'><em>ἴστε,</em></span> <span class='ocrx_word' id='word_1_162' title='bbox 1162 1491 1300 1543; x_wconf 68' lang='grc' dir='ltr'>μηνῶν</span> <span class='ocrx_word' id='word_1_163' title='bbox 1336 1486 1498 1529; x_wconf 77' lang='grc' dir='ltr'>τούτων</span> <span class='ocrx_word' id='word_1_164' title='bbox 1540 1487 1692 1530; x_wconf 79' lang='grc' dir='ltr'><em>τεττά-</em></span> 
     </span>
     <span class='ocr_line' id='line_1_20' title="bbox 184 1547 1693 1617; baseline 0.001 -16"><span class='ocrx_word' id='word_1_165' title='bbox 184 1578 277 1617; x_wconf 71' lang='grc' dir='ltr'>ρων,</span> <span class='ocrx_word' id='word_1_166' title='bbox 306 1547 479 1615; x_wconf 43' lang='lat' dir='ltr'>&gt;iusticia</span> <span class='ocrx_word' id='word_1_167' title='bbox 511 1561 743 1616; x_wconf 67' lang='grc' dir='ltr'><strong><em>ἐκεχειρίαν</em></strong></span> <span class='ocrx_word' id='word_1_168' title='bbox 771 1559 1133 1616; x_wconf 61' lang='grc' dir='ltr'>ἰι-ες]ιη’γ’γειλιί)υ.ητκι</span> <span class='ocrx_word' id='word_1_169' title='bbox 1161 1562 1230 1601; x_wconf 84' lang='lat' dir='ltr'>lux</span> <span class='ocrx_word' id='word_1_170' title='bbox 1246 1562 1436 1609; x_wconf 78' lang='lat' dir='ltr'>affertur3</span> <span class='ocrx_word' id='word_1_171' title='bbox 1464 1563 1693 1612; x_wconf 83' lang='lat' dir='ltr'>Significan-</span> 
     </span>
     <span class='ocr_line' id='line_1_21' title="bbox 182 1634 1691 1687; baseline 0 -12"><span class='ocrx_word' id='word_1_172' title='bbox 182 1641 249 1676; x_wconf 89' lang='lat' dir='ltr'>tur</span> <span class='ocrx_word' id='word_1_173' title='bbox 277 1635 385 1674; x_wconf 89' lang='lat' dir='ltr'>enim</span> <span class='ocrx_word' id='word_1_174' title='bbox 424 1636 621 1674; x_wconf 89' lang='lat' dir='ltr'>iustitium</span> <span class='ocrx_word' id='word_1_175' title='bbox 661 1637 755 1686; x_wconf 88' lang='lat' dir='ltr'>post</span> <span class='ocrx_word' id='word_1_176' title='bbox 795 1634 924 1674; x_wconf 89' lang='lat' dir='ltr'>Marci</span> <span class='ocrx_word' id='word_1_177' title='bbox 965 1635 1118 1674; x_wconf 89' lang='lat' dir='ltr'>obitum</span> <span class='ocrx_word' id='word_1_178' title='bbox 1161 1636 1336 1674; x_wconf 89' lang='lat' dir='ltr'>edictum</span> <span class='ocrx_word' id='word_1_179' title='bbox 1365 1638 1405 1674; x_wconf 90' lang='lat' dir='ltr'>et</span> <span class='ocrx_word' id='word_1_180' title='bbox 1433 1635 1691 1687; x_wconf 85' lang='lat' dir='ltr'>supplicati0‚</span> 
     </span>
     <span class='ocr_line' id='line_1_22' title="bbox 183 1706 1690 1759; baseline -0.001 -12"><span class='ocrx_word' id='word_1_181' title='bbox 183 1720 289 1759; x_wconf 85' lang='lat' dir='ltr'>quae</span> <span class='ocrx_word' id='word_1_182' title='bbox 319 1707 423 1746; x_wconf 93' lang='lat' dir='ltr'>bello</span> <span class='ocrx_word' id='word_1_183' title='bbox 452 1706 782 1746; x_wconf 85' lang='lat' dir='ltr'>Marcomannico</span> <span class='ocrx_word' id='word_1_184' title='bbox 811 1719 835 1745; x_wconf 86' lang='lat' dir='ltr'>a</span> <span class='ocrx_word' id='word_1_185' title='bbox 863 1707 1079 1747; x_wconf 92' lang='lat' dir='ltr'>Commodo</span> <span class='ocrx_word' id='word_1_186' title='bbox 1109 1706 1281 1758; x_wconf 83' lang='lat' dir='ltr'>turpiter</span> <span class='ocrx_word' id='word_1_187' title='bbox 1309 1707 1420 1746; x_wconf 86' lang='lat' dir='ltr'>finito</span> <span class='ocrx_word' id='word_1_188' title='bbox 1449 1707 1547 1746; x_wconf 87' lang='lat' dir='ltr'>illud</span> <span class='ocrx_word' id='word_1_189' title='bbox 1577 1707 1690 1746; x_wconf 88' lang='lat' dir='ltr'>dein-</span> 
     </span>
     <span class='ocr_line' id='line_1_23' title="bbox 184 1761 1691 1833; baseline -0.001 -12"><span class='ocrx_word' id='word_1_190' title='bbox 184 1793 278 1833; x_wconf 85' lang='lat' dir='ltr'>ceps</span> <span class='ocrx_word' id='word_1_191' title='bbox 307 1779 480 1831; x_wconf 63' lang='lat' dir='ltr'>eizcepit.</span> <span class='ocrx_word' id='word_1_192' title='bbox 508 1800 559 1807; x_wconf 84' lang='lat'>-—</span> <span class='ocrx_word' id='word_1_193' title='bbox 616 1779 702 1826; x_wconf 85' lang='lat' dir='ltr'>Qua</span> <span class='ocrx_word' id='word_1_194' title='bbox 738 1761 1046 1828; x_wconf 80' lang='lat' dir='ltr'>argumentandi</span> <span class='ocrx_word' id='word_1_195' title='bbox 1083 1780 1238 1818; x_wconf 80' lang='lat' dir='ltr'>ratione</span> <span class='ocrx_word' id='word_1_196' title='bbox 1277 1779 1450 1831; x_wconf 85' lang='lat' dir='ltr'>probata</span> <span class='ocrx_word' id='word_1_197' title='bbox 1489 1780 1577 1831; x_wconf 91' lang='lat' dir='ltr'>quis</span> <span class='ocrx_word' id='word_1_198' title='bbox 1617 1783 1691 1824; x_wconf 82' lang='lat' dir='ltr'>est,</span> 
     </span>
     <span class='ocr_line' id='line_1_24' title="bbox 182 1848 1690 1906; baseline -0.001 -15"><span class='ocrx_word' id='word_1_199' title='bbox 182 1854 282 1905; x_wconf 83' lang='lat' dir='ltr'>quin</span> <span class='ocrx_word' id='word_1_200' title='bbox 323 1851 544 1901; x_wconf 81' lang='lat' dir='ltr'>intellegat,</span> <span class='ocrx_word' id='word_1_201' title='bbox 586 1852 719 1892; x_wconf 86' lang='lat' dir='ltr'>verbis</span> <span class='ocrx_word' id='word_1_202' title='bbox 759 1848 918 1906; x_wconf 66' lang='grc' dir='ltr'><em>,ἄπειμι</em></span> <span class='ocrx_word' id='word_1_203' title='bbox 963 1851 1099 1891; x_wconf 79' lang='grc' dir='ltr'>τοίνυν</span> <span class='ocrx_word' id='word_1_204' title='bbox 1140 1848 1207 1889; x_wconf 73' lang='grc' dir='ltr'>καὶ</span> <span class='ocrx_word' id='word_1_205' title='bbox 1237 1853 1324 1899; x_wconf 81' lang='grc' dir='ltr'><strong><em>τοῖς</em></strong></span> <span class='ocrx_word' id='word_1_206' title='bbox 1350 1850 1388 1890; x_wconf 78' lang='grc' dir='ltr'>ἐν</span> <span class='ocrx_word' id='word_1_207' title='bbox 1417 1853 1472 1905; x_wconf 75' lang='grc' dir='ltr'>τῆ</span> <span class='ocrx_word' id='word_1_208' title='bbox 1512 1850 1690 1903; x_wconf 69' lang='grc' dir='ltr'><strong><em>Ποικίλη</em></strong></span> 
     </span>
     <span class='ocr_line' id='line_1_25' title="bbox 184 1918 1691 1980; baseline -0.001 -16"><span class='ocrx_word' id='word_1_209' title='bbox 184 1924 460 1980; x_wconf 72' lang='grc' dir='ltr'><em>περιπατοῦσι</em></span> <span class='ocrx_word' id='word_1_210' title='bbox 490 1925 572 1963; x_wconf 71' lang='grc' dir='ltr'>τῶν</span> <span class='ocrx_word' id='word_1_211' title='bbox 603 1922 853 1975; x_wconf 75' lang='grc' dir='ltr'>φιλοσόφων</span> <span class='ocrx_word' id='word_1_212' title='bbox 873 1919 982 1963; x_wconf 71' lang='grc' dir='ltr'>αὐτὰ</span> <span class='ocrx_word' id='word_1_213' title='bbox 1003 1923 1142 1964; x_wconf 75' lang='grc' dir='ltr'>ταῦτα</span> <span class='ocrx_word' id='word_1_214' title='bbox 1168 1918 1548 1978; x_wconf 53' lang='grc' dir='ltr'>εὐαγγελιούμενος(</span> <span class='ocrx_word' id='word_1_215' title='bbox 1567 1925 1691 1975; x_wconf 60' lang='grc' dir='ltr'>(ς’34)</span> 
     </span>
     <span class='ocr_line' id='line_1_26' title="bbox 183 1996 1690 2048; baseline -0.003 -9"><span class='ocrx_word' id='word_1_216' title='bbox 183 1999 450 2045; x_wconf 86' lang='lat' dir='ltr'>contineatur,</span> <span class='ocrx_word' id='word_1_217' title='bbox 493 1997 619 2036; x_wconf 92' lang='lat' dir='ltr'>multo</span> <span class='ocrx_word' id='word_1_218' title='bbox 649 1997 896 2037; x_wconf 85' lang='lat' dir='ltr'>acerbiorem</span> <span class='ocrx_word' id='word_1_219' title='bbox 925 1998 1024 2043; x_wconf 90' lang='lat' dir='ltr'>fieri,</span> <span class='ocrx_word' id='word_1_220' title='bbox 1067 2009 1155 2036; x_wconf 89' lang='lat' dir='ltr'>cum</span> <span class='ocrx_word' id='word_1_221' title='bbox 1186 1996 1325 2041; x_wconf 88' lang='lat' dir='ltr'>Stoici,</span> <span class='ocrx_word' id='word_1_222' title='bbox 1355 1998 1503 2048; x_wconf 92' lang='lat' dir='ltr'>quippe</span> <span class='ocrx_word' id='word_1_223' title='bbox 1524 2008 1690 2047; x_wconf 91' lang='lat' dir='ltr'>quorum</span> 
     </span>
     <span class='ocr_line' id='line_1_27' title="bbox 184 2069 1690 2122; baseline -0.002 -12"><span class='ocrx_word' id='word_1_224' title='bbox 184 2074 339 2110; x_wconf 86' lang='lat' dir='ltr'>sectam</span> <span class='ocrx_word' id='word_1_225' title='bbox 368 2069 423 2109; x_wconf 88' lang='lat' dir='ltr'>M.</span> <span class='ocrx_word' id='word_1_226' title='bbox 453 2069 642 2108; x_wconf 90' lang='lat' dir='ltr'>Aurelius</span> <span class='ocrx_word' id='word_1_227' title='bbox 673 2070 893 2120; x_wconf 82' lang='lat' dir='ltr'>imperator</span> <span class='ocrx_word' id='word_1_228' title='bbox 927 2070 1132 2122; x_wconf 85' lang='lat' dir='ltr'>professus</span> <span class='ocrx_word' id='word_1_229' title='bbox 1162 2070 1226 2118; x_wconf 85' lang='lat' dir='ltr'>sit,</span> <span class='ocrx_word' id='word_1_230' title='bbox 1254 2069 1297 2108; x_wconf 90' lang='lat' dir='ltr'>in</span> <span class='ocrx_word' id='word_1_231' title='bbox 1325 2069 1548 2109; x_wconf 85' lang='lat' dir='ltr'>maximum</span> <span class='ocrx_word' id='word_1_232' title='bbox 1583 2069 1690 2120; x_wconf 90' lang='lat' dir='ltr'>peri-</span> 
     </span>
     <span class='ocr_line' id='line_1_28' title="bbox 185 2142 1182 2191; baseline -0.001 -10"><span class='ocrx_word' id='word_1_233' title='bbox 185 2143 318 2182; x_wconf 84' lang='lat' dir='ltr'>culum</span> <span class='ocrx_word' id='word_1_234' title='bbox 350 2142 647 2191; x_wconf 87' lang='lat' dir='ltr'>discrimenque</span> <span class='ocrx_word' id='word_1_235' title='bbox 676 2142 836 2180; x_wconf 90' lang='lat' dir='ltr'>venturi</span> <span class='ocrx_word' id='word_1_236' title='bbox 865 2153 954 2181; x_wconf 88' lang='lat' dir='ltr'>esse</span> <span class='ocrx_word' id='word_1_237' title='bbox 982 2142 1182 2181; x_wconf 86' lang='lat' dir='ltr'>dicantur.</span> 
     </span>
    </p>

    <p class='ocr_par' dir='ltr' id='par_1_4' title="bbox 183 2212 1693 2556">
     <span class='ocr_line' id='line_1_29' title="bbox 290 2212 1691 2265; baseline -0.001 -12"><span class='ocrx_word' id='word_1_238' title='bbox 290 2213 371 2253; x_wconf 88' lang='lat' dir='ltr'>Iam</span> <span class='ocrx_word' id='word_1_239' title='bbox 402 2226 446 2252; x_wconf 92' lang='lat' dir='ltr'>eo</span> <span class='ocrx_word' id='word_1_240' title='bbox 474 2214 679 2265; x_wconf 88' lang='lat' dir='ltr'>progressi</span> <span class='ocrx_word' id='word_1_241' title='bbox 708 2225 845 2253; x_wconf 90' lang='lat' dir='ltr'>sumus</span> <span class='ocrx_word' id='word_1_242' title='bbox 874 2217 919 2252; x_wconf 90' lang='lat' dir='ltr'>ut</span> <span class='ocrx_word' id='word_1_243' title='bbox 946 2212 1045 2263; x_wconf 88' lang='lat' dir='ltr'>haec</span> <span class='ocrx_word' id='word_1_244' title='bbox 1074 2214 1228 2264; x_wconf 85' lang='lat' dir='ltr'>scripta</span> <span class='ocrx_word' id='word_1_245' title='bbox 1254 2213 1361 2251; x_wconf 83' lang='lat' dir='ltr'>inter</span> <span class='ocrx_word' id='word_1_246' title='bbox 1390 2224 1432 2251; x_wconf 89' lang='lat' dir='ltr'>se</span> <span class='ocrx_word' id='word_1_247' title='bbox 1455 2223 1691 2264; x_wconf 86' lang='lat' dir='ltr'>comparare</span> 
     </span>
     <span class='ocr_line' id='line_1_30' title="bbox 183 2283 1690 2338; baseline -0.003 -12"><span class='ocrx_word' id='word_1_248' title='bbox 183 2287 397 2338; x_wconf 84' lang='lat' dir='ltr'>possimus.</span> <span class='ocrx_word' id='word_1_249' title='bbox 454 2286 541 2333; x_wconf 82' lang='lat' dir='ltr'>Qua</span> <span class='ocrx_word' id='word_1_250' title='bbox 568 2286 608 2324; x_wconf 92' lang='lat' dir='ltr'>in</span> <span class='ocrx_word' id='word_1_251' title='bbox 637 2298 681 2324; x_wconf 91' lang='lat' dir='ltr'>re</span> <span class='ocrx_word' id='word_1_252' title='bbox 711 2297 799 2325; x_wconf 91' lang='lat' dir='ltr'>eam</span> <span class='ocrx_word' id='word_1_253' title='bbox 827 2286 1025 2324; x_wconf 89' lang='lat' dir='ltr'>rationem</span> <span class='ocrx_word' id='word_1_254' title='bbox 1053 2285 1242 2336; x_wconf 82' lang='lat' dir='ltr'>persequi</span> <span class='ocrx_word' id='word_1_255' title='bbox 1269 2283 1479 2332; x_wconf 87' lang='lat' dir='ltr'>volumus,</span> <span class='ocrx_word' id='word_1_256' title='bbox 1534 2286 1578 2322; x_wconf 91' lang='lat' dir='ltr'>ut</span> <span class='ocrx_word' id='word_1_257' title='bbox 1606 2285 1690 2334; x_wconf 91' lang='lat' dir='ltr'>pri-</span> 
     </span>
     <span class='ocr_line' id='line_1_31' title="bbox 184 2356 1691 2410; baseline -0.002 -12"><span class='ocrx_word' id='word_1_258' title='bbox 184 2372 307 2408; x_wconf 88' lang='lat' dir='ltr'>mum,</span> <span class='ocrx_word' id='word_1_259' title='bbox 336 2358 474 2410; x_wconf 85' lang='lat' dir='ltr'>quales</span> <span class='ocrx_word' id='word_1_260' title='bbox 504 2357 688 2410; x_wconf 89' lang='lat' dir='ltr'>Menippi</span> <span class='ocrx_word' id='word_1_261' title='bbox 716 2369 849 2397; x_wconf 89' lang='lat' dir='ltr'>mores</span> <span class='ocrx_word' id='word_1_262' title='bbox 878 2369 902 2396; x_wconf 90' lang='lat' dir='ltr'>a</span> <span class='ocrx_word' id='word_1_263' title='bbox 930 2356 1108 2396; x_wconf 88' lang='lat' dir='ltr'>Luciano</span> <span class='ocrx_word' id='word_1_264' title='bbox 1146 2356 1294 2408; x_wconf 90' lang='lat' dir='ltr'>depicti</span> <span class='ocrx_word' id='word_1_265' title='bbox 1331 2357 1434 2403; x_wconf 88' lang='lat' dir='ltr'>sint,</span> <span class='ocrx_word' id='word_1_266' title='bbox 1472 2356 1691 2402; x_wconf 87' lang='lat' dir='ltr'>videamus,</span> 
     </span>
     <span class='ocr_line' id='line_1_32' title="bbox 187 2427 1693 2484; baseline -0.002 -14"><span class='ocrx_word' id='word_1_267' title='bbox 187 2431 331 2471; x_wconf 84' lang='lat' dir='ltr'>deinde</span> <span class='ocrx_word' id='word_1_268' title='bbox 360 2433 409 2471; x_wconf 92' lang='lat' dir='ltr'>de</span> <span class='ocrx_word' id='word_1_269' title='bbox 439 2431 572 2480; x_wconf 84' lang='lat' dir='ltr'>rebus,</span> <span class='ocrx_word' id='word_1_270' title='bbox 603 2443 700 2484; x_wconf 89' lang='lat' dir='ltr'>quas</span> <span class='ocrx_word' id='word_1_271' title='bbox 731 2430 791 2470; x_wconf 91' lang='lat' dir='ltr'>bis</span> <span class='ocrx_word' id='word_1_272' title='bbox 820 2429 967 2470; x_wconf 88' lang='lat' dir='ltr'>libellis</span> <span class='ocrx_word' id='word_1_273' title='bbox 996 2430 1202 2478; x_wconf 86' lang='lat' dir='ltr'>tractavit,</span> <span class='ocrx_word' id='word_1_274' title='bbox 1230 2429 1354 2470; x_wconf 88' lang='lat' dir='ltr'>verba</span> <span class='ocrx_word' id='word_1_275' title='bbox 1370 2427 1578 2475; x_wconf 89' lang='lat' dir='ltr'>faciamus,</span> <span class='ocrx_word' id='word_1_276' title='bbox 1606 2430 1693 2467; x_wconf 87' lang='lat' dir='ltr'>tum</span> 
     </span>
     <span class='ocr_line' id='line_1_33' title="bbox 186 2500 1693 2556; baseline -0.002 -13"><span class='ocrx_word' id='word_1_277' title='bbox 186 2518 234 2544; x_wconf 83' lang='lat' dir='ltr'>ex</span> <span class='ocrx_word' id='word_1_278' title='bbox 264 2517 311 2543; x_wconf 89' lang='lat' dir='ltr'>ea</span> <span class='ocrx_word' id='word_1_279' title='bbox 339 2517 392 2551; x_wconf 85' lang='lat' dir='ltr'>re,</span> <span class='ocrx_word' id='word_1_280' title='bbox 423 2505 529 2556; x_wconf 89' lang='lat' dir='ltr'>quod</span> <span class='ocrx_word' id='word_1_281' title='bbox 557 2504 759 2544; x_wconf 85' lang='lat' dir='ltr'>Lucianus</span> <span class='ocrx_word' id='word_1_282' title='bbox 787 2503 1010 2551; x_wconf 78' lang='lat' dir='ltr'>sententiis,</span> <span class='ocrx_word' id='word_1_283' title='bbox 1038 2502 1293 2553; x_wconf 87' lang='lat' dir='ltr'>imaginibus,</span> <span class='ocrx_word' id='word_1_284' title='bbox 1322 2500 1483 2541; x_wconf 87' lang='lat' dir='ltr'>dicendi</span> <span class='ocrx_word' id='word_1_285' title='bbox 1509 2500 1693 2541; x_wconf 86' lang='lat' dir='ltr'>formulis</span> 
     </span>
    </p>
   </div>
   <div class='ocr_carea' id='block_1_3' title="bbox 272 2658 746 2701">
    <p class='ocr_par' dir='ltr' id='par_1_5' title="bbox 272 2658 746 2701">
     <span class='ocr_line' id='line_1_34' title="bbox 272 2658 746 2701; baseline 0 -10"><span class='ocrx_word' id='word_1_286' title='bbox 272 2660 308 2700; x_wconf 81' lang='lat'>1)</span> <span class='ocrx_word' id='word_1_287' title='bbox 334 2659 409 2690; x_wconf 78' lang='lat' dir='ltr'>Luc.</span> <span class='ocrx_word' id='word_1_288' title='bbox 434 2658 481 2690; x_wconf 80' lang='lat' dir='ltr'>cd.</span> <span class='ocrx_word' id='word_1_289' title='bbox 508 2660 549 2698; x_wconf 85' lang='lat'>11,</span> <span class='ocrx_word' id='word_1_290' title='bbox 577 2660 591 2691; x_wconf 82' lang='lat'><em>1</em></span> <span class='ocrx_word' id='word_1_291' title='bbox 616 2670 647 2701; x_wconf 78' lang='lat' dir='ltr'>p.</span> <span class='ocrx_word' id='word_1_292' title='bbox 675 2661 746 2692; x_wconf 84' lang='lat' dir='ltr'><strong>15.o</strong></span> 
     </span>
    </p>
   </div>
  </div>
 </body>
</html>
