1860 2936
721 157 1085 197 „15-

116 291 119 293 -
154 261 408 314 omniumque
436 260 767 314 philosophorum
794 260 1040 302 familiarum
1066 262 1252 301 inimicus
1282 259 1449 303 exstitit.
1504 260 1569 308 Ab¹
1592 263 1650 301 his

154 335 330 382 satiricis
359 335 523 387 scriptis
550 334 661 375 nullo
690 335 850 384 negotio
868 334 1036 375 Luciani
1065 335 1171 374 senis
1198 334 1322 374 libelli
1353 337 1526 376 discerni
1555 347 1649 387 pos-

152 407 334 461 possunt3
377 407 521 460 quibus
549 409 711 460 praeter
738 406 819 448 alia
855 408 1009 460 scripta
1044 408 1369 449 annumerandae
1395 413 1490 449 sunt
1516 408 1650 449 decla-

151 481 349 522 mationes
371 480 436 519 Vde
476 479 664 528 ‚electro‘‚
708 479 907 529 ‚Baccho‘‚
950 479 1148 529 ‚Hercule‘
1190 481 1464 532 conscriptae,
1505 481 1649 532 quibus

153 538 313 605 saepius
340 557 533 605 provecta
560 564 603 593 se
630 555 764 593 aetate
791 563 879 592 esse
906 538 1007 593 dicit
1023 552 1071 605 ¹),
1099 556 1140 593 et
1160 552 1262 592 duae
1283 551 1378 594 illae
1404 557 1650 594 commenta-

151 628 294 673 tiones,
338 636 465 676 quas,r
491 636 582 664 cum
608 624 690 664 iam
708 622 994 668 *Alexandriae
1020 624 1474 677 hypomnematographi
1490 625 1525 675 ²)
1561 637 1648 664 mu-

148 709 244 737 nere
271 698 517 747 fungeretur,
545 695 721 738 confecit
753 697 817 747 ‚de
844 696 963 750 lapsu
988 697 1093 739 inter
1119 695 1388 738 salutandum‘
1416 701 1457 739 et
1484 696 1648 749 ,Apolo-

149 769 217 819 gia
244 781 316 822 pro
346 749 531 809 mercede
559 768 796 809 conductis‘.

252 864 385 916 Atque
413 862 488 903 hoc
514 863 635 903 modo
663 861 865 904 Prellerus
881 863 916 913 ³)
944 866 1027 903 tres
1054 865 1211 903 aetates
1239 862 1440 907 distinxit,
1478 875 1647 917 quarum

122 985 124 987 ,
148 936 280 987 prima
305 935 465 976 libellos
493 935 692 976 rhetorice
718 935 870 988 scripto
894 966 906 983 ,
943 934 1072 975 altera
1098 946 1181 984 eos,
1218 934 1362 987 quibus
1390 935 1558 976 atticum
1588 935 1642 975 di—

148 1008 267 1047 cendi
294 1020 419 1058 genus
449 1007 674 1048 aemulatus
703 1011 776 1055 est,
818 1048 827 1063 N
868 1007 926 1047 tia
952 1008 1061 1048 senis
1089 1007 1257 1048 Luciani
1283 1006 1417 1047 libros.
1449 1007 1648 1060 complec-

147 1081 257 1120 titur.
314 1078 461 1122 Melius
488 1083 624 1120 tamen
651 1080 742 1131 ipsa
769 1079 947 1119 secunda
986 1083 1098 1120 aetas
1126 1081 1167 1119 in
1195 1080 1296 1119 duas
1323 1080 1562 1130 seiungitur,
1607 1085 1649 1121 ut

148 1164 173 1190 a
200 1152 558 1200 Sommerbrodtio,
584 1152 653 1204 qui
681 1153 872 1203 quattuor
900 1155 1056 1192 aetates
1085 1153 1243 1203 statuit,
1272 1152 1421 1192 factum
1451 1156 1525 1192 est.
1561 1152 1649 1199 Qua
1705 1173 1716 1183 ·

147 1224 188 1263 in
217 1236 260 1263 re
301 1235 542 1276 quamquam
572 1224 613 1263 in
649 1224 880 1263 universum
926 1235 1015 1263 cum
1043 1222 1119 1262 hoc
1162 1222 1247 1262 viro
1288 1223 1407 1272 facin,
1446 1223 1647 1265 interdum

145 1299 283 1335 tamen
310 1295 359 1335 de
386 1299 583 1347 tempore,
611 1295 677 1335 cui
704 1294 887 1345 singulae
923 1294 1220 1347 disputationes
1261 1296 1521 1336 ascribendae
1553 1297 1647 1345 sint,

146 1367 196 1407 ab
225 1368 310 1407 eius
341 1367 542 1408 sententia
569 1366 727 1408 recedo.
782 1366 836 1406 Ut
864 1378 985 1406 unum
1013 1379 1211 1417 moneam,
1251 1379 1332 1407 non
1362 1367 1512 1416 dubito,
1552 1369 1647 1421 quin

153 1439 384 1487 ‚Rhetorum
411 1435 662 1491 praeceptor‘
688 1438 887 1478 Pollucem
926 1439 1182 1490 potissimum
1221 1442 1337 1491 petat
1374 1440 1547 1492 ideoque
1572 1441 1648 1480 im-

145 1514 311 1562 perante
353 1509 583 1560 Commodo,
613 1521 637 1550 a
664 1522 739 1562 quo
770 1509 994 1550 rhetorices
1042 1510 1211 1550 Athenis
1253 1511 1458 1551 docendae
1501 1525 1648 1552 munus

147 1585 184 1623 ei
211 1584 446 1623 mandatum
477 1587 552 1632 est,
582 1583 787 1623 confectus
815 1584 868 1623 sit
880 1584 914 1631 ⁵)

245 1675 456 1716 Secundae
486 1687 579 1715 vero
609 1679 650 1715 et
677 1676 819 1715 tertiae
847 1674 996 1716 aetatis
1023 1674 1161 1722 libros,
1189 1676 1258 1728 qui
1284 1676 1460 1717 maxime
1484 1676 1535 1717 ob
1563 1678 1650 1718 dia-

145 1747 258 1798 logos
286 1747 340 1787 ad
369 1748 604 1800 Menippum
636 1751 866 1800 spectantes
903 1748 1146 1800 respiciendi
1172 1750 1281 1795 sunt,
1318 1748 1500 1797 consilio,
1543 1750 1650 1801 quod

91 1866 103 1870 ,
145 1819 350 1861 Lucianus
378 1823 613 1873 persecutus
641 1820 708 1865 sit,
737 1818 901 1861 differre
923 1824 1035 1873 puto.
1089 1819 1175 1861 Illis
1202 1821 1308 1861 enim
1335 1820 1494 1861 fabulas
1512 1833 1537 1862 a
1554 1828 1649 1875 poe-

146 1894 199 1932 tis
231 1899 272 1933 et
298 1892 471 1933 Homero
499 1893 753 1944 potissimum
782 1891 832 1933 de
860 1892 946 1932 deis
975 1892 1190 1933 celebratis
1218 1896 1259 1933 et
1285 1893 1495 1934 hominum
1515 1895 1650 1935 stulti-

146 1966 225 2005 tias
253 1965 505 2018 ineptiasque
533 1964 667 2017 lepide
695 1976 743 2005 ac
771 1967 938 2005 venuste
966 1964 1177 2004 cavillatus
1205 1967 1280 2015 est,
1309 1964 1373 2005 his
1402 1977 1498 2006 vero
1526 1989 1579 1996 —-
1607 1968 1649 2008 id

144 2036 241 2087 quid
270 2048 291 2076 e
320 2039 501 2076 veterum
529 2035 677 2077 saltem
722 2036 925 2076 sententia
960 2036 1080 2086 longe
1107 2035 1218 2076 aliud
1245 2040 1308 2077 est
1334 2060 1386 2066 —
1412 2038 1509 2077 dees
1536 2039 1648 2090 ipsos

143 2118 231 2147 esse
258 2108 435 2159 negavit,
476 2111 522 2148 ut
549 2120 583 2148 e.
610 2119 645 2147 c.
672 2107 713 2148 in
742 2105 858 2157 ,Jove
894 2107 1128 2156 confutato‘,
1171 2107 1350 2161 vitiaque
1385 2107 1564 2150 humana
1590 2110 1651 2151 ita

141 2179 396 2232 perstrinxit,
432 2184 477 2220 ut
504 2192 585 2220 non
611 2181 653 2220 in
688 2179 922 2220 universum
950 2191 998 2220 ea
1025 2180 1279 2232 exagitaret„
1307 2181 1380 2222 sed
1406 2193 1531 2222 unum
1574 2183 1649 2223 ali-

226 2343 263 2385 s)
287 2344 385 2376 Bach.
408 2343 430 2386 §
451 2344 483 2378 6.
507 2345 605 2378 Herc.
630 2346 652 2388 ς
676 2347 705 2378 7.

225 2405 260 2446 2)
283 2404 340 2437 Fr.
367 2405 566 2438 Fritzschius
588 2407 666 2439 Luc.
690 2406 740 2440 ed.
763 2407 804 2440 ad
825 2407 923 2450 Apol.
948 2416 1006 2449 pro
1030 2416 1126 2439 merc.
1150 2408 1242 2440 cond.

225 2467 263 2509 3)
288 2466 463 2510 Encyclop.
488 2467 647 2499 Pautzana
676 2478 702 2501 s.
725 2479 756 2503 v.
780 2468 913 2502 Lucian.

223 2526 262 2567 4)
284 2527 306 2559 1.
331 2537 358 2560 c.
384 2538 414 2570 p.
438 2528 505 2561 XX.

222 2590 259 2630 ἃ)
284 2588 319 2621 C.
357 2590 413 2621 Fr.
454 2589 626 2622 Hermann.
650 2590 670 2621 l.
696 2599 783 2639 c.-p.
816 2591 890 2625 209.
930 2592 1001 2624 adn.
1037 2591 1124 2632 Aug.
1162 2591 1391 2633 Schulzeitung
1423 2593 1517 2627 1832.
1555 2594 1588 2625 11
1619 2605 1650 2637 p.

136 2650 275 2683 43-46,
1374 2655 1384 2663 ’
