1860 2936
747 171 797 177 -.-
906 146 958 187 32
1065 171 1116 178 ..-

171 250 387 292 rettulerit.
416 250 462 291 In
489 252 624 304 priore
654 252 759 291 enim
787 251 877 292 loco
907 256 1075 305 propter
1090 253 1266 306 aquilam
1296 253 1513 293 aLuciano
1544 254 1679 294 adiec-

171 326 256 363 tam
285 324 598 376 Aristophanem
629 325 777 376 respici
799 337 881 365 non
909 326 1173 373 crediderim;
1200 326 1244 365 in
1270 327 1494 378 posteriore
1532 330 1679 375 autem,

171 409 275 446 eum,
303 397 372 448 qui
398 396 451 436 ad
481 396 644 437 deorum
676 397 927 440 domicilium
955 399 1086 447 venit,
1116 401 1274 450 portam
1302 398 1465 450 pulsare
1507 402 1590 438 tam
1617 399 1679 438 fa-

170 469 247 510 cile
275 481 326 509 ex
354 469 559 509 hominum
590 470 896 511 consuetudinis
925 471 1188 511 similitudine
1216 471 1319 511 sumi
1341 471 1486 522 potuit,
1513 475 1559 511 ut
1586 471 1680 512 inde

170 543 394 583 Lucianum
423 556 471 582 ea
497 544 709 595 repetiisse
745 544 814 583 vix
852 544 927 590 sit,
960 556 1032 584 cur
1075 548 1314 584 statuamus.
1341 566 1393 573 —
1420 543 1496 583 Hic
1541 546 1677 583 autem

171 614 356 665 dialogus
381 615 641 655 facetissimis
670 615 1013 668 lepidissimisque
1040 615 1211 656 Luciani
1252 616 1441 668 operibus
1486 628 1679 655 annume-

170 688 322 727 randus
352 690 414 727 est
441 691 628 740 totusque
658 699 814 727 musam
840 688 1130 740 Aristophanis·
1155 688 1296 740 spirat.
1353 688 1535 740 Namque
1564 700 1683 738 argu-

171 764 349 799 mentum
380 763 420 799 et
445 761 650 809 ingeniose
677 760 887 799 inventum
917 765 957 799 et
986 761 1085 800 bene
1121 760 1367 800 illustratum
1405 765 1479 800 est.
1535 760 1684 800 Contu-

172 832 385 873 meliarum
414 831 519 872 enim
549 831 676 872 aculei
704 832 746 872 in
773 831 1035 885 philosophos
1063 832 1321 887 potissimum
1358 833 1533 879 cadunt;
1574 832 1617 872 hi
1657 845 1682 873 a

173 906 365 956 Menippo
382 937 391 949 ‚
420 906 525 956 quod
555 907 761 944 contraria
789 908 831 944 et
867 917 1003 945 secum
1033 907 1255 956 pugnantia
1281 906 1479 951 doceant,
1507 905 1681 944 irriden-

174 982 253 1024 tur,
282 978 321 1018 hi
351 990 375 1017 a
402 976 520 1026 luna,
549 989 628 1029 qua
662 977 751 1029 quis
780 978 917 1029 aptius
946 982 986 1018 et
1013 977 1235 1028 elegantius
1274 978 1371 1028 fingi
1412 978 1545 1030 potuit
1581 977 1683 1017 faci-

176 1063 322 1091 norum
353 1053 474 1090 noctu
513 1053 839 1102 perpetratorum
877 1051 1146 1103 vitiorumque
1185 1051 1390 1091 hominum
1429 1051 1555 1091 oculis
1592 1050 1686 1090 sub-

174 1127 399 1164 tractorum
428 1124 614 1163 conscius
643 1127 759 1163 esse?
788 1108 896 1176 apu⁶d
919 1124 1053 1164 Iovem
1082 1125 1138 1164 rei
1153 1125 1267 1173 fiunt,
1292 1123 1365 1163 hos
1394 1124 1564 1175 denique
1592 1123 1684 1175 Iup-

175 1197 282 1249 piter
311 1196 360 1236 ob
392 1195 532 1246 vitam,
561 1207 710 1244 mores,
740 1207 866 1237 vanae
895 1196 1104 1236 doctrinae
1132 1196 1390 1236 iactationem
1433 1195 1684 1245 gravissimis

176 1269 384 1321 suppliciis
414 1268 559 1318 dignos
575 1269 742 1308 iudicat.
772 1268 921 1308 Verum
950 1281 999 1308 ne
1029 1268 1120 1308 aliis
1151 1269 1310 1320 quidem
1340 1268 1546 1308 hominum
1575 1268 1684 1308 ordi-

174 1342 293 1382 nibus
320 1341 538 1388 Lucianus,
565 1342 672 1382 sicut
698 1354 786 1381 mos
816 1342 900 1382 eius
929 1346 1002 1391 est,
1031 1342 1224 1394 pepercit.
1281 1342 1406 1389 Quam
1447 1340 1603 1393 lepide,
1640 1345 1687 1380 ut

142 1415 253 1454 -hoc
304 1415 479 1454 eximam
516 1414 691 1465 quinque
729 1413 947 1453 clarissimi
976 1413 1113 1464 populi
1154 1413 1321 1463 singulis
1361 1414 1512 1463 singuli
1551 1414 1685 1452 verbis

177 1485 470 1527 adumbrantur
498 1489 538 1525 et
564 1484 806 1525 illuduntur!
849 1487 873 1536 ξ
902 1485 950 1525 16
979 1482 1089 1534 ,τοῦς
1118 1485 1367 1537 Αἰγυπτίους
1402 1485 1687 1540 γεωργοῦντας

178 1558 430 1606 ἐπέβλεπον,
475 1555 543 1595 καὶ
575 1558 594 1596 ὁ
625 1556 771 1607 Φοῖνιξ
801 1557 831 1595 δ’
861 1555 1122 1611 ἑνέπορεύετο
1165 1556 1233 1596 καὶ
1264 1558 1282 1596 ὁ
1312 1557 1449 1607 Ιίίλοξ
1493 1556 1688 1610 ἐλῄστευε

178 1628 248 1670 καὶ
279 1630 297 1670 ὁ
329 1628 475 1670 Λάκων
505 1628 784 1683 ἐμαστιγοῦτο
817 1628 885 1669 καὶ
916 1629 935 1670 ὁ
962 1629 1179 1684 Ἀθηναῖος
1207 1628 1433 1684 ἐδικάζετο.

287 1716 397 1771 Quae
427 1735 519 1762 cum
546 1724 604 1763 ita
633 1724 737 1770 sint,
778 1736 858 1762 non
899 1725 1015 1763 video
1054 1724 1198 1775 quibus
1228 1723 1276 1762 de
1303 1724 1436 1762 causis
1477 1724 1687 1763 Iacobsius

179 1797 286 1838 hunc
313 1797 520 1847 dialogum
555 1796 724 1842 Luciani
751 1809 832 1836 non
861 1808 952 1837 esse
980 1797 1232 1837 iudicaverit.
1272 1796 1408 1848 Neque
1438 1798 1542 1838 enim
1572 1798 1689 1849 quid-

182 1882 300 1922 quam
331 1871 379 1910 de
407 1869 526 1909 laude
556 1870 642 1909 eius
671 1869 885 1909 detrahere
914 1873 1061 1922 potest,
1090 1869 1197 1922 quod
1224 1868 1424 1908 Lucianus
1452 1869 1514 1909 bis
1533 1873 1690 1921 tempo-

181 1956 269 1983 rum
299 1942 481 1982 ordinem
511 1955 591 1981 non
620 1943 810 1982 servavit.
849 1942 1082 1982 Alexander
1110 1942 1313 1981 Pheraeus
1343 1944 1385 1993 (ἓ
1403 1942 1469 1990 15)
1499 1954 1579 1980 una
1602 1954 1691 1981 cum

182 2014 393 2054 diadochis
424 2018 785 2062 commemoratur,
814 2026 1056 2066 quamquam
1087 2014 1248 2053 circiter
1277 2015 1393 2053 annis
1431 2014 1463 2053 L
1492 2018 1585 2053 ante
1623 2027 1690 2054 eos

182 2089 351 2128 vixit.—
365 2087 523 2134 Verbis,
554 2099 655 2139 quae
684 2090 777 2127 sunt
795 2090 818 2136 ξ
836 2088 883 2126 16
912 2085 1178 2141 ,Ἑρμόδωρον
1206 2085 1280 2140 μὲν
1309 2083 1381 2125 τὸν
1411 2083 1692 2140 Ἐπικούρειον

183 2158 337 2212 χιλίων
370 2156 487 2196 ἕνεκα
526 2158 726 2212 δραχμῶν
756 2157 1028 2212 ἐπιορκοῦντα
1059 2156 1205 2212 ἑώρωνι
1235 2158 1286 2197 ad.
1323 2158 1566 2210 Stipendium
1603 2159 1692 2209 phi-

182 2231 363 2285 losophis
393 2243 417 2270 a
445 2231 580 2271 Marco
610 2232 775 2271 Aurelio
806 2233 1054 2281 assignatum
1084 2230 1290 2270 alluditur.

288 2326 375 2376 Age
405 2338 499 2365 vero
530 2326 581 2365 ad
615 2325 949 2377 Necyomantiam
992 2325 1249 2364 transeannis
1287 2327 1603 2376 argumentaque
1632 2338 1693 2365 re-

188 2411 421 2439 censeamus
440 2431 450 2446 ,
482 2399 626 2451 quibus
654 2398 906 2439 Wielandius
935 2398 1191 2450 potissimum
1227 2397 1449 2437 Lucianum
1492 2409 1580 2437 eam
1616 2412 1695 2438 non

187 2471 402 2523 scripsisse
431 2471 733 2512 demonstrasse
761 2471 839 2511 sibi
866 2472 977 2510 visus
1006 2474 1078 2510 est.
1134 2471 1194 2510 Ac
1222 2471 1394 2522 primum
1432 2469 1595 2521 quidem
1624 2471 1695 2511 ob-

192 2543 382 2593 servavit,
410 2543 635 2584 Lucianum
664 2544 719 2592 id,
747 2543 854 2583 unde
884 2555 1053 2583 exorsus
1084 2546 1202 2593 esset,
1231 2541 1399 2581 firmiter
1426 2554 1508 2582 non
1545 2544 1696 2583 retinu-

192 2616 296 2663 isse,
327 2618 367 2655 et
396 2627 470 2668 per
497 2618 628 2656 totum
658 2616 861 2667 dialogum
892 2619 1020 2657 artem
1059 2628 1146 2657 eam
1176 2613 1418 2663 desiderari,
1460 2627 1538 2668 qua
1565 2616 1700 2656 omnia
