1860 2936
734 202 784 209 ..
893 180 943 219 13
1049 200 1099 209 -.

278 286 454 327 Tertium
483 288 523 325 et
550 284 755 337 aliquanto
784 285 944 331 certius,
973 296 1091 336 quam
1122 284 1171 324 de
1199 296 1276 336 quo
1304 283 1421 324 modo
1446 285 1521 334 egi,
1551 293 1671 333 argu-

175 361 351 398 mentum
379 362 575 411 superest,
601 369 678 409 quo
707 357 925 396 Lucianum
966 356 1144 408 Menippi
1182 356 1305 396 libros
1341 357 1513 402 novisse,
1556 357 1673 396 lecti-

173 435 283 481 tase,
325 430 517 471 nonnulla
555 430 649 469 inde
691 428 939 486 decerpsisse
975 429 1186 470 efficiatur.
1242 427 1409 480 Saepius
1444 430 1551 470 enim
1581 441 1671 469 cum

173 501 343 542 Horatio=
371 504 429 541 ita
457 502 667 550 consentit,
695 506 739 541 ut
766 506 836 541 aut
871 486 1091 540 Lucianum
1134 503 1274 551 poetae
1310 500 1478 540 Romani
1519 501 1670 541 satiras

174 573 334 623 legisse,
361 576 429 613 aut
457 576 667 625 utrumque
704 585 754 612 ex
794 561 1013 612 communi
1035 571 1146 613 fonte
1182 572 1363 612 hausisse
1401 584 1567 613 necesse
1603 572 1671 612 sit.

176 645 299 685 Cuius
319 647 385 685 'rei
413 645 521 685 haud
549 647 634 685 scio
662 658 715 685 an
742 645 981 685 luculentius
1010 644 1240 696 exemplum
1262 643 1397 685 afferri
1425 658 1506 685 non
1529 646 1671 698 possit,

175 730 296 770 quam
324 718 374 758 de
403 730 492 769 quo,
521 730 608 757 cum
637 719 717 757 iam
746 730 771 757 a
795 717 860 757 Fr.
888 716 1109 757 Fritzschio
1138 717 1391 758 observatum
1417 710 1525 759 esset
1536 718 1571 767 ²)
1598 731 1672 757 nu-

174 803 246 843 per
272 791 340 830 Th.
371 790 617 830 Fritzschius
653 790 834 842 pluribus
877 790 1069 830 disseruit
1082 790 1128 839 2).
1184 790 1287 829 Sunt
1325 790 1445 830 verba
1480 791 1672 843 Lucianei

176 863 470 915 Icaromenippi
500 865 556 913 (ξ.
579 863 649 910 25)
666 860 751 910 ,τὰς
775 861 816 900 δὲ
845 860 1029 909 α’νοσίους
1057 866 1130 910 (sc.
1150 863 1231 901 τῶν
1251 857 1407 915 εὐχῶν)
1436 862 1675 917 α’πράνιτους

177 929 294 981 ἇυθις
325 922 575 989 α’πὲπέμψεν
605 935 837 981 olm-effluendi!
880 932 1008 977 κάτω..
1038 934 1101 973 ἵνα
1131 935 1232 988 μηδὲ
1271 934 1441 987 πλησίον
1487 935 1671 986 γένοιντο

176 1007 251 1047 τοῦ
281 1002 454 1062 οὐρανοῦ
483 1011 523 1048 et
549 1007 707 1047 Horatii
736 1006 770 1053 (I
798 1019 916 1047 serm.
947 1006 978 1056 Ι,
1006 1006 1121 1054 20)2›

364 1100 479 1147 ‚Quid
509 1111 653 1139 causae
681 1102 755 1149 est,
782 1100 926 1139 merito
956 1100 1049 1151 quin
1077 1100 1155 1138 illis
1183 1097 1370 1151 Juppiter
1400 1100 1541 1139 ambas

364 1173 496 1212 Iratas
527 1172 673 1211 buccas
703 1163 985 1223 infletqneque
1013 1183 1057 1211 se
1085 1172 1171 1211 fore
1200 1172 1368 1223 posthac

364 1250 447 1284 tam
475 1244 634 1284 facilem
664 1244 785 1291 dicat,
814 1244 919 1282 votis
948 1248 992 1283 ut
1019 1243 1211 1296 praebeat
1240 1247 1406 1283 aurem‘.

281 1338 396 1380 Prius
425 1341 557 1378 autem
586 1338 698 1384 illud,
729 1350 828 1391 quae
860 1337 1119 1387 Wielandii³j
1165 1340 1366 1378 sententia
1394 1338 1484 1389 fuit,
1512 1352 1562 1379 ne
1590 1343 1674 1380 sta-

177 1416 349 1459 tuamus,
378 1411 544 1450 Luciani
572 1411 697 1463 ipsius
726 1410 954 1450 testimonio
985 1413 1179 1459 vetamur,
1209 1411 1276 1462 qui
1294 1411 1472 1460 linguam
1500 1410 1671 1452 latinam

178 1497 320 1537 parum
349 1497 391 1523 se
420 1483 650 1533 intellegere
679 1483 777 1523 dicit
790 1482 838 1531 4).

283 1556 533 1607 Relinquitur
560 1556 682 1605 igitur
709 1554 809 1593 illud
845 1554 1015 1594 alterum
1052 1554 1193 1594 solum.
1249 1554 1329 1595 Sed
1367 1556 1552 1607 quisnam
1587 1557 1678 1596 fons

180 1630 401 1670 communis
429 1627 571 1668 horum
599 1629 838 1679 scriptorum
865 1627 989 1667 fuisse
1016 1628 1218 1679 putandus
1248 1630 1339 1667 est?
1395 1628 1482 1674 Qua
1509 1629 1558 1668 de
1585 1642 1629 1669 re
1655 1642 1679 1669 a

180 1700 327 1741 Theod.
358 1698 578 1740 Fritzschio
591 1700 624 1752 ⁵)
648 1699 707 1739 ita
735 1700 865 1740 edocti
893 1711 1044 1746 sumus,
1072 1704 1117 1739 ut
1142 1712 1219 1739 non
1247 1700 1329 1738 iam
1357 1699 1522 1740 haerere
1550 1702 1680 1752 possi-

181 1786 282 1814 mus.
338 1772 516 1825 Menippi
546 1773 651 1813 enim
680 1773 828 1812 satirae
856 1772 1029 1813 fuerun't.

286 1845 395 1893 Quae
425 1856 515 1883 eum
542 1846 600 1884 ita
628 1856 715 1884 sese
736 1844 929 1893 habeant,
965 1843 1187 1884 Lucianum
1217 1845 1391 1896 primum
1421 1857 1471 1884 ex
1499 1843 1680 1899 Menippi

181 1919 342 1970 scriptis
371 1921 666 1968 argumentum,
695 1917 801 1969 quod
830 1917 1101 1967 adumbraret,
1132 1917 1303 1969 repetiit,
1331 1920 1477 1969 postea
1500 1919 1679 1969 singulas

180 1994 335 2031 tantum
352 2001 427 2036 res,
456 1989 666 2039 imagines,
694 1987 915 2029 sententias
943 1988 1036 2029 inde
1064 1988 1315 2042 deprompsit
1334 1989 1549 2043 satirisque
1572 1990 1680 2032 inse-

181 2062 281 2109 ruit3
307 2064 441 2119 itaque
470 2074 712 2115 quamquam
738 2060 911 2102 similem
939 2064 1059 2114 atque
1087 2061 1155 2102 ille
1182 2062 1381 2103 rationem
1409 2073 1568 2115 semper
1587 2075 1680 2116 per-

181 2138 343 2174 secutus
371 2137 445 2179 est,
472 2133 627 2186 priores
654 2137 789 2173 tamen
815 2132 908 2173 illae
935 2132 1085 2174 satirae
1102 2132 1214 2175 solae
1230 2147 1280 2176 ex
1298 2134 1428 2187 cynici
1455 2135 1679 2177 imitatione

182 2206 387 2259 profectae
417 2207 495 2247 dici
524 2209 704 2259 possunt.
829 2256 833 2260 .
1121 2255 1132 2267 ι

288 2278 482 2326 Quoniam
512 2280 560 2318 de
589 2279 811 2318 imitatione
829 2278 993 2318 Luciani
1023 2276 1237 2332 Menippea
1264 2280 1570 2332 disputavimus,
1600 2282 1680 2322 iam

270 2435 303 2474 l)
327 2434 356 2466 1.
382 2444 408 2465 c.
434 2434 476 2472 11,
501 2434 521 2465 2
543 2443 575 2475 p.
600 2433 673 2467 151.

267 2496 303 2536 2)
326 2496 348 2528 1.
371 2506 398 2528 c.
423 2506 453 2538 p.
475 2495 527 2528 27.
550 2495 603 2527 28.
671 2497 678 2503 '

268 2559 303 2596 3)
327 2558 349 2589 l.
376 2569 402 2590 c.
428 2559 482 2599 lp
518 2556 684 2599 ⁷5.11p.
705 2555 759 2590 22.

267 2621 302 2655 4)
324 2630 394 2662 pro.
418 2620 509 2661 lapsu
532 2621 616 2651 inter
637 2617 695 2650 sal.
718 2617 750 2659 ς.
777 2617 882 2650 13.—

269 2682 305 2721 5)
330 2680 351 2712 1.
377 2691 403 2713 c.
428 2691 458 2723 p.
482 2681 519 2713 21
546 2690 613 2721 sqq.
