1860 2936
782 165 1121 205 ..g-⁶.

189 277 267 316 quo
312 267 601 322 philosophum
638 270 749 310 illum
790 273 1011 311 sectatores
1048 274 1412 324 prosequerentur,
1450 284 1474 310 a
1510 265 1699 325 Menippo

188 337 322 390 lepide
351 341 585 382 traductum
617 355 705 382 esse
719 343 765 394 l).
802 342 972 382 Restant
992 344 1118 383 verba
1146 341 1255 397 ,πρὸς
1282 340 1377 390 τοὺς
1404 340 1605 393 φυσικοὺς
1630 342 1700 382 καὶ

189 410 517 466 μαθηματικοὺς
545 412 613 452 καὶ
643 411 985 468 Ὑραμματικούςζ.
1012 415 1072 455 Ne
1090 415 1190 455 haec
1213 415 1372 467 quidem
1393 416 1512 454 unius
1529 416 1623 456 libri
1640 417 1702 455 in-

190 484 359 536 scriptio
389 486 568 526 fuerunt.
624 487 816 534 Quamvis
846 488 952 527 enim
981 492 1092 527 certa
1120 490 1359 537 argumenta
1388 488 1545 537 desint,
1580 488 1701 536 unde,

190 557 323 598 duone
353 571 404 598 an
432 561 515 598 tres
545 559 585 599 hi
612 560 776 608 fuerint,
806 559 1027 600 diiudicari
1055 561 1196 612 possit,
1225 559 1268 599 id
1296 563 1432 599 tamen
1458 572 1531 612 pro
1561 560 1702 611 explo-

189 633 279 669 rato
321 629 450 671 habeo
494 629 604 686 ,πρὸς
638 628 733 679 τοὺς
763 627 976 680 φυσικούς*
1017 632 1111 672 libri
1139 631 1356 683 singularis
1390 633 1701 686 ‘inscriptionem

192 703 332 745 fuisse.
389 704 467 747 Sed
511 705 560 745 de
603 705 677 746 hoc
722 706 831 745 infra
870 706 1087 745 dicendum
1125 706 1212 746 erit.
1243 729 1293 736 —
1322 705 1515 745 Oehlerus
1556 706 1702 746 librum

194 775 426 827 ,Διογένους
464 780 650 831 πρᾶσινί,
693 790 743 817 ex
773 790 851 830 quo
896 779 1167 828 fragmentum
1195 777 1398 828 Diogenes
1438 778 1622 818 Laertius
1659 780 1703 818 in

192 848 279 888 vita
307 849 502 899 Diogenis
530 851 766 903 Sinopensis
795 851 885 900 (VI,
911 851 977 900 29,
1004 851 1073 902 30)
1103 852 1302 899 servavit,
1342 851 1419 891 etsi
1454 851 1703 898 dubitanter,

193 920 372 974 Menippi
400 926 535 962 tamen
563 923 691 963 fuisse
720 923 863 963 statuit
892 922 936 975 (l.
967 934 1000 962 c.
1030 934 1069 974 p.
1097 923 1181 970 29).
1247 923 1395 963 Verum
1425 935 1512 963 cum
1544 924 1704 964 codices

195 995 386 1035 sambuci
414 999 453 1035 et
468 996 675 1037 Ambrosii
704 1008 778 1048 pro
795 996 975 1048 Menippi
997 996 1159 1039 nomine
1176 995 1442 1048 Hermippum
1471 996 1702 1042 exhibeant,

194 1066 287 1106 huic
316 1068 419 1108 liber
446 1069 505 1126 illi
533 1069 771 1109 tribuendus
801 1073 861 1109 est
878 1069 924 1118 2).
1502 1075 1504 1077 ’

300 1152 413 1191 Duae
441 1153 695 1204 potissimum
732 1166 797 1193 res
838 1152 1155 1193 considerandae
1195 1156 1311 1202 sunt,
1350 1153 1482 1205 qualia
1519 1153 1703 1206 Menippi

195 1227 349 1278 scripta
376 1227 537 1274 suerint,
567 1231 606 1266 et
635 1239 714 1279 qua
743 1227 939 1266 orationis
967 1226 1099 1266 forma
1126 1239 1220 1266 usus
1250 1227 1315 1266 sit.
1334 1250 1385 1255 —
1412 1226 1457 1265 In
1473 1228 1703 1266 universum

196 1309 220 1336 a
247 1298 454 1338 veteribus
484 1311 608 1349 genus
637 1299 796 1339 dicendi
825 1297 1144 1350 σπουδογέλοιον
1174 1299 1209 1338 ei
1238 1299 1428 1338 tribuitur
1457 1299 1704 1348 aStmbone,

195 1371 398 1423 Stephano
428 1372 624 1424 Byzantio
655 1373 715 1422 (11.
746 1375 819 1420 cc.)
859 1384 883 1411 a
910 1372 1088 1421 Diogene
1115 1372 1300 1422 Laertio,
1343 1372 1411 1423 qui
1449 1371 1547 1412 haec
1578 1372 1703 1419 desseo

195 1443 318 1484 habet
348 1444 430 1491 (VI,
459 1445 529 1493 99)
559 1444 689 1499 ,φέρει
720 1444 793 1497 μὲν
824 1439 938 1483 οὐδὲν
969 1444 1204 1483 σπουδαῖον·
1232 1441 1286 1483 τὰ
1317 1443 1359 1481 δὲ
1385 1442 1539 1491 βιβλία
1572 1439 1702 1484 αὐτοῦ

197 1515 358 1555 πὸλλοῦ
390 1517 685 1569 καταγέλωτος
712 1518 825 1570 γέμει
859 1518 928 1556 καί
956 1533 996 1557 τι
1028 1513 1113 1556 ἶσον
1142 1517 1217 1556 τοῦ
1235 1514 1485 1570 Μελεάγρου
1513 1517 1588 1556 τοῦ
1611 1517 1705 1557 κατ’

198 1582 325 1628 αὐτὸν
356 1591 590 1642 γενομένου.

303 1673 416 1720 Quod
444 1674 637 1714 iudicium
669 1675 799 1714 verbis
830 1674 879 1714 ab
909 1674 1116 1714 Athenaeo
1135 1673 1166 1725 ³)
1203 1685 1252 1713 ex
1291 1673 1499 1721 ,convivio‘
1529 1676 1702 1714 servatis

199 1748 468 1787 confirmatur.
524 1748 561 1788 Is
591 1749 696 1788 enim
725 1748 823 1788 haec
847 1749 969 1788 habet
998 1745 1204 1797 ,καλεῖται
1236 1746 1276 1785 δέ
1304 1762 1365 1794 τις
1393 1744 1460 1784 καὶ
1493 1743 1605 1799 ἄλλη
1635 1744 1703 1801 ὅρ-

197 1834 319 1873 χησις
348 1819 506 1874 κόσμου
552 1817 785 1875 ἐκπύρωσις,
816 1813 857 1874 ἧς
885 1816 1127 1875 μνημονεύει
1169 1819 1385 1867 Μένιππος
1411 1818 1430 1858 ὁ
1461 1818 1623 1867 κυνικός
1665 1819 1704 1859 ἓν

198 1895 263 1942 τῷ
291 1893 516 1942 συμποσίῳ.
577 1894 656 1932 Vix
686 1893 851 1932 dubium
880 1905 968 1932 esse
997 1896 1141 1943 potest,
1171 1892 1265 1942 quin
1294 1892 1369 1950 hac
1398 1893 1555 1939 generis
1572 1893 1704 1931 cuius-

199 1964 290 2003 dam
323 1964 552 2004 saltationis
581 1964 687 2004 mira
715 1964 988 2016 appellatione
1010 1963 1223 2015 Menippus
1245 1963 1471 2003 Stoicorum
1489 1964 1537 2002 de
1565 1965 1703 2003 mundi

199 2038 411 2078 exustione
443 2039 590 2086 dogma
616 2038 761 2077 festive
791 2037 1004 2076 traducere
1034 2036 1204 2075 voluerit
1219 2035 1267 2087 4).
1307 2035 1364 2074 Ne
1393 2036 1512 2073 unius
1542 2036 1703 2086 quidem

197 2109 291 2148 libri
320 2122 385 2149 res
414 2110 640 2162 primaria,
682 2121 783 2161 quae
811 2109 960 2157 fuerit,
990 2112 1058 2148 aut
1084 2108 1211 2154 ratio,
1250 2118 1369 2159 quam
1400 2107 1440 2146 in
1470 2111 1703 2156 argumento

199 2183 458 2230 inveniendo,
489 2182 764 2234 disponendo,
793 2181 1019 2222 enarrando
1047 2184 1284 2233 persecutus
1314 2179 1391 2226 sit,
1420 2191 1439 2218 e
1467 2179 1703 2229 fragmentis

198 2255 375 2305 perspici
403 2258 550 2306 potest.
606 2254 784 2303 Contigit
812 2258 969 2300 tamen,
998 2255 1045 2291 ut
1072 2251 1233 2291 aliunde
1261 2252 1309 2290 de
1339 2251 1577 2302 scriptorum
1619 2252 1703 2290 eius

199 2326 333 2367 indole
362 2327 483 2379 paulo
513 2326 628 2379 plura
657 2327 846 2369 sciamus.
902 2325 1050 2365 Notum
1080 2325 1184 2364 enim
1224 2327 1302 2370 est,
1342 2324 1574 2370 Terentium
1605 2324 1704 2369 Van

284 2493 318 2532 1)
344 2494 400 2524 Th.
423 2494 599 2525 Fritzscbe.
623 2494 764 2534 Mcnipp.
790 2492 852 2523 und
876 2492 993 2523 Horaz.
1020 2490 1159 2521 Gustu-on
1187 2489 1264 2521 1871
1288 2499 1320 2529 p.
1348 2489 1397 2526 12.

285 2554 321 2593 2)
346 2554 385 2585 G.
411 2553 553 2587 Hfibner.
577 2554 625 2585 ed.
653 2554 747 2593 Diog.
775 2554 810 2590 1„
836 2553 965 2597 Lipsiae
990 2551 1072 2589 1828
1096 2550 1126 2582 ll
1151 2559 1181 2597 p.
1206 2550 1258 2589 21..

287 2616 322 2655 3)
346 2615 421 2647 xlv
444 2626 475 2656 p.
501 2617 562 2648 629
585 2626 611 2647 e.
635 2626 662 2647 c.
686 2615 738 2647 27.

287 2679 323 2718 4)
349 2677 478 2710 Oehler.
504 2678 523 2708 l.
549 2688 563 2708 c
601 2687 630 2719 p.
654 2677 694 2710 29
719 2677 788 2708 adn.
815 2677 864 2708 28.
