1860 2936
715 166 766 172 -
874 143 924 190 41
1030 166 1082 173 .-

143 258 232 295 tum
263 248 505 299 uberiusque
533 237 784 287 illustr-atum
813 246 986 299 dialogo,
1026 229 1109 300 qui·
1133 248 1360 300 ‚Gataphus‘
1400 246 1648 294 inscribitur,

144 326 296 384 subest.
688 355 690 358 ,

254 391 491 434 Alexander
519 395 559 433 et
580 391 795 441 Hannibal,
823 402 989 445 quorum
1006 394 1056 433 de
1073 405 1232 433 summa
1248 393 1511 446 imperatoria
1525 391 1645 431 laude

144 464 464 510 concertantium
491 464 543 505 lis
570 477 594 505 a
620 464 754 505 Minoe
780 465 982 518 Scipionis
1024 478 1193 506 accessu
1219 467 1278 506 ita
1305 466 1572 514 diiudicatur,
1601 467 1648 503 ut

145 539 376 582 Alexandro
404 537 571 591 primae,
611 538 791 591 Scipioni
818 539 1033 584 secundae,
1060 538 1278 580 Hannibali
1297 540 1441 579 tertiae
1462 536 1649 577 deferan-

143 616 213 653 tur
240 610 353 663 (dial.
380 623 432 650 m.
461 609 552 661 XII,
578 610 635 661 7),
663 611 713 652 de
739 612 881 652 eadem
908 624 954 652 re
992 611 1197 661 litigantes
1224 613 1264 651 in
1293 611 1413 657 ,veris
1452 608 1646 650 historiis‘

144 682 216 733 (II,
245 684 289 731 9)
317 682 586 724 inducuntur.»

253 755 468 796 Certamen
504 755 923 796 Lacedaemoniorum
951 760 991 796 et
1016 751 1257 806 Argivorum
1273 756 1333 795 de
1361 755 1539 807 Cynuria
1562 765 1647 793 mo-

144 831 234 867 tum
263 826 369 867 Icar.
398 830 419 877 §
449 827 501 867 18·
525 830 567 868 et
592 827 708 868 Char.
737 830 761 877 ξ
788 829 841 867 24
870 832 1208 868 commemoratur
1236 830 1354 880 atque
1382 827 1441 866 ita
1477 826 1649 878 quidem,

147 902 194 939 ut
229 898 454 947 rideantur,
484 900 588 951 quod
617 911 691 951 pro
719 912 764 940 re
792 903 873 940 tam
902 900 981 956 levi
1010 904 1049 940 et
1075 912 1149 952 pro
1177 904 1288 940 terra
1314 904 1397 939 tam
1426 899 1574 949 exigua
1586 899 1659 938 tot-

147 970 330 1012 homines
357 971 509 1012 mortui
537 976 643 1012 sunt.

249 1042 413 1095 Dialogi
439 1047 688 1086 mortuorum
719 1044 812 1085 IImi
838 1049 1120 1113 argumentum
1148 1046 1271 1086 etiam
1297 1045 1395 1086 Nec.
1421 1044 1509 1096 §18
1526 1044 1647 1097 ‘inve-

145 1117 229 1157 niri
255 1119 335 1157 iam
368 1117 556 1158 diximus.

250 1189 419 1242 Saepius
448 1190 588 1230 eadem
617 1190 786 1231 totidem
813 1191 898 1231 fere
924 1191 1060 1232 verbis
1090 1191 1210 1233 dicitf—

249 1261 383 1301 Semel
409 1262 618 1303 morimur.
648 1262 740 1302 dial
771 1266 888 1310 mort,
914 1262 1024 1311 XVI,
1051 1264 1097 1310 3;
1125 1262 1250 1310 XVII,
1278 1263 1324 1308 2;
1353 1261 1506 1313 Catapl.
1534 1260 1646 1312 §18.

142 1332 289 1374 Omnia
314 1336 359 1373 ut
387 1333 641 1385 aspiciantur
667 1333 754 1375 fieri
781 1347 860 1374 non
887 1336 1035 1387 potest,
1061 1347 1123 1375 res
1153 1347 1247 1375 vero
1275 1334 1491 1387 primariae
1518 1333 1642 1385 inspi-

144 1405 311 1445 ciendae
340 1408 449 1445 sunt.
480 1405 577 1445 dial.
605 1411 725 1465 mort.
752 1406 844 1453 XX,
875 1407 920 1453 1;
947 1407 1064 1447 Char.
1092 1409 1116 1456 ξ
1143 1408 1168 1446 2
1196 1406 1295 1447 Icar.
1323 1407 1346 1457 ὅ
1376 1406 1435 1445 16.
1464 1405 1648 1445 Philoso-

145 1476 227 1529 phi,
255 1477 404 1530 quippe
433 1478 500 1530 qui
527 1490 593 1518 res
615 1477 803 1529 vulgares
832 1479 1096 1531 omnibusque
1123 1484 1240 1519 notas
1268 1478 1556 1528 demonstrent,
1582 1490 1651 1519 ve-

145 1548 232 1597 luti,
261 1551 297 1589 si
324 1550 412 1590 dies
441 1551 512 1599 sit,
540 1555 701 1591 noctem
729 1564 816 1591 esse
844 1563 924 1591 non
951 1563 1083 1603 posse,
1119 1551 1344 1592 eluduntur.
1400 1550 1505 1591 Gall.
1533 1553 1558 1599 ξ
1587 1551 1648 1590 11.

145 1621 280 1662 Herm.
311 1623 333 1674 5
362 1624 425 1662 81.

250 1694 296 1734 Id
324 1696 431 1747 quod
460 1707 596 1735 verum
628 1698 707 1745 est,
735 1695 951 1736 dicendum
977 1699 1050 1736 est.
1079 1695 1184 1737 Gall.
1210 1697 1236 1746 ξ
1264 1695 1325 1735 18.
1354 1694 1650 1747 Philops.§24.

124 1778 231 1834 ‘prm
262 1763 387 1817 Imag'.
415 1769 440 1817 ξ
470 1769 531 1808 12.

249 1839 463 1881 Praeterea
499 1852 691 1893 compara
718 1840 812 1880 dial.
852 1845 968 1881 mort.
996 1840 1107 1891 XIII,
1136 1842 1157 1880 1
1188 1835 1236 1879 οὐ
1264 1838 1343 1894 γὰρ
1372 1838 1423 1879 ἂν
1453 1838 1652 1890 ἐτεθνήσ-

147 1924 233 1949 κειν
253 1907 472 1965 Ἀμμωνος
499 1909 555 1950 ὤν
584 1925 674 1952 cum
703 1911 799 1952 dial.
824 1912 930 1960 XIV,
951 1914 971 1952 1
1002 1907 1048 1952 οὗ
1077 1910 1156 1967 γὰρ
1185 1909 1236 1951 ἂν
1266 1909 1527 1963 ἐτεθνὴσκεις
1541 1907 1652 1965 Ἀμ-

145 1997 278 2036 μωνος
304 1979 371 2022 α’ἷν.

250 2055 345 2095 dial.
383 2068 483 2096 mar.
515 2057 563 2106 V,
590 2058 616 2097 2
645 2072 713 2095 και
752 2053 858 2111 ἄχρι
897 2056 1052 2112 χειρῶν
1085 2071 1135 2096 αν
1163 2053 1213 2097 τὸ
1238 2058 1412 2115 πρᾶγμα
1456 2050 1653 2110 προύχώ-

146 2139 263 2180 ρησεν
292 2139 382 2168 cum
422 2128 606 2181 Sympos.
634 2129 656 2182 5
687 2131 721 2169 1.
751 2143 820 2168 και
849 2144 955 2184 αχρι
998 2127 1253 2184 τραυμάτων
1289 2128 1565 2183 προχωρῆσαι
1602 2125 1651 2168 τὸ

145 2200 332 2259 πρᾷγμα.

246 2270 341 2310 dial.
370 2275 487 2312 mort.
516 2272 643 2322 XVII,
668 2274 694 2313 2
715 2268 762 2312 οὐ
792 2271 935 2325 σχολή
963 2286 1048 2327 μοι,
1077 2265 1107 2310 ὦ
1139 2271 1344 2320 Μένιππε,
1388 2269 1650 2325 συμφιλοσο-

144 2343 242 2393 φεῖν
280 2355 370 2384 cum
407 2343 585 2385 Hermot.
614 2346 638 2394 ξ
668 2345 716 2385 11
746 2340 792 2384 οὒ
834 2343 977 2398 σχολή
1001 2359 1077 2398 μοι
1109 2335 1140 2382 ὦ
1170 2343 1341 2393 Λυκῖνε,
1370 2340 1460 2397 περὶ
1487 2338 1652 2383 τούτων

144 2414 431 2468 διαλέγεσθαι.

235 2488 345 2539 dial.
372 2490 492 2529 mort.
520 2488 586 2537 VI,
613 2491 639 2530 2
668 2485 840 2545 κορύζης
865 2488 939 2544 μὲν
968 2486 1045 2543 τὴν
1074 2487 1177 2544 ῥῖνα,
1220 2486 1356 2543 λήμης
1382 2486 1425 2528 δὲ
1451 2483 1548 2536 τοὺς
1572 2486 1652 2540 ὀφ-

146 2558 338 2615 θαλμοὺς
363 2558 516 2617 μεστὸν
545 2557 648 2601 ὄντα
671 2574 762 2602 cum
779 2561 956 2615 Philops.
975 2563 997 2614 5
1014 2562 1039 2601 8
1068 2562 1103 2601 εἰ
1120 2559 1180 2616 μὴ
1199 2559 1306 2601 πάνυ
1323 2558 1401 2614 τὴν
1422 2559 1512 2615 ῥῖνα
1532 2556 1651 2614 κορύ-

145 2630 215 2685 ζης
239 2623 390 2686 μεᾶτὸς
417 2631 512 2688 εἴῃν.
567 2632 741 2686 Philops.
761 2634 785 2686 9
804 2635 829 2674 8
858 2631 926 2673 καὶ
956 2633 1075 2687 δῆλοι
1104 2626 1208 2687 ἦσαν
1237 2630 1547 2686 κατεγνωκότες
1570 2647 1651 2686 μου
1733 2657 1741 2664 -

1464 2737 1492 2775 4
