1860 2936
774 151 823 157 ..-
932 109 1013 168 3ο’
1090 153 1141 159 ,-

203 235 382 271 veterum
420 232 642 279 sententia,
685 233 855 272 simulac
891 234 1042 274 Lethae
1081 245 1225 286 aquam
1262 235 1480 281 bibissent,
1517 237 1711 292 pristinae

203 306 311 344 vitae
339 304 583 353 oblivionem
614 306 781 358 cepisse.
835 306 969 358 Atque
995 306 1054 346 ita
1083 318 1240 360 quoque
1266 308 1307 348 in
1346 307 1541 359 ,Cataplo‘
1573 308 1710 358 Mega·
1746 292 1748 294 V

202 377 369 429 penthes
397 382 595 428 tyrannus
625 389 673 417 ea
695 390 825 430 poena
853 379 968 429 quasi
996 380 1238 428 gravissima
1266 383 1305 419 et
1333 379 1596 420 acerbissima
1619 379 1709 420 affi-

204 451 323 498 citur,
352 453 397 489 ut
424 461 449 488 a
477 449 627 490 Lethae
656 462 762 502 aqua
789 449 1053 504 prohibeatur
1080 463 1317 504 semperque
1345 452 1591 500 recordetur,
1620 453 1709 504 quis

203 525 338 574 fuerit,
368 527 642 575 quantumque
672 513 846 563 valuerit
865 524 904 575 (ξ
933 525 1016 573 26).

306 597 410 637 Item
450 595 695 645 Alexander,
733 600 778 636 ut
813 596 1033 646 bonorum,
1073 609 1176 649 quae
1215 597 1258 637 in
1295 597 1380 637 vita
1422 598 1501 650 ipsi
1545 588 1709 646 fu'erint,

205 671 489 717 obliviscatur,
543 668 660 708 huius
714 682 841 720 aquae
895 670 1110 721 plurimum
1166 670 1303 710 bibere
1354 682 1378 709 a
1430 670 1608 720 Diogene
1649 671 1710 710 iu-
1743 706 1748 710 .

204 744 318 784 betur
335 741 382 794 1).
1456 737 1466 750 χ

308 816 396 856 Iam
425 814 524 855 mihi
547 815 648 854 satis
676 827 862 864 magnam
901 814 1175 867 exemplorum
1213 816 1293 855 vim
1338 816 1522 856 attulisse
1561 816 1712 861 videor,

206 890 351 943 quibus
378 888 601 930 Lucianum
631 900 710 927 non
739 887 909 939 cavisse,
938 901 987 928 ne
1016 889 1111 942 quid
1138 887 1332 938 referret,
1371 889 1474 941 quod
1505 901 1594 929 cum
1623 889 1710 942 opi-

205 966 325 1004 nione
355 965 425 1002 aut
454 974 496 1001 re
524 962 637 1013 prius
666 964 843 1003 narrata,
872 964 1142 1013 repugnaret,
1173 962 1279 1001 clare
1307 962 1518 1013 lucideque
1547 963 1712 1009 demon-

205 1040 391 1076 strarem.
446 1034 506 1073 Ac
543 1046 591 1072 ne
626 1036 759 1085 potest
794 1033 955 1085 quidem
996 1046 1019 1072 a
1059 1034 1257 1086 scriptore
1294 1034 1458 1074 satirico
1497 1046 1568 1081 ea,
1607 1046 1709 1086 quae

205 1109 491 1149 historicorum
521 1111 604 1155 est,
631 1106 696 1145 vel
723 1107 764 1145 in
792 1105 1009 1146 levissimis
1037 1107 1160 1146 rebus
1199 1107 1409 1156 diligentia
1437 1111 1476 1147 et
1507 1106 1711 1147 subtilitas

206 1180 476 1230 efflagitari2).
556 1178 803 1218 Libertatem
853 1178 958 1217 6111111
1007 1190 1166 1229 semper
1210 1179 1407 1218 eiusmodi
1448 1180 1712 1232 scriptoribus

206 1252 507 1295 concedendam
536 1251 586 1291 ab
616 1250 878 1303 omnibusque
916 1256 1153 1303 usurpatam
1191 1252 1225 1290 si
1262 1251 1506 1304 dempseris,
1543 1253 1713 1292 satiram

205 1329 336 1381 ipsam
364 1325 591 1366 sustuleris.
1304 1374 1307 1377 ἱ
1334 1365 1336 1367 ,

310 1399 510 1451 Sequitur,
537 1400 583 1437 ut
612 1398 661 1437 de
685 1398 990 1450 Icaromenippo
1020 1397 1144 1437 verba
1170 1396 1380 1438 faciamus.
1420 1399 1712 1447 Argumentum

206 1472 283 1512 huc
310 1473 395 1511 fere
423 1470 549 1510 redit:
608 1469 845 1522 Menippus,
882 1482 970 1509 cum
1011 1470 1059 1509 de
1096 1482 1228 1509 rerum
1267 1474 1434 1520 natura,
1463 1471 1567 1516 sole,
1593 1471 1713 1520 buna,

206 1545 406 1584 sideribus
436 1544 534 1583 certi
563 1542 716 1593 aliquid
745 1554 989 1592 cognoscere
1019 1542 1150 1589 vellet,
1178 1542 1230 1580 ad
1257 1542 1522 1594 philosophos
1552 1556 1594 1582 se
1617 1556 1712 1583 con-

206 1618 314 1664 tulit,
343 1617 516 1657 confisus
543 1616 654 1664 fore,
683 1618 727 1654 ut
760 1615 808 1654 de
837 1615 1020 1655 omnibus
1049 1614 1324 1667 philosophiae
1359 1616 1556 1656 naturalis
1593 1628 1713 1668 quae-

209 1690 409 1732 stionibus
438 1689 546 1728 nullo
575 1689 738 1739 negotio
768 1688 817 1728 ab
848 1688 907 1727 eis
944 1689 1188 1728 edocereturv
1246 1677 1361 1735 Quod
1397 1693 1441 1729 ut
1479 1701 1714 1741 assequere-

208 1770 293 1812 tur,
322 1766 481 1802 tantum
518 1762 666 1811 abfuit,
703 1770 748 1801 ut
784 1761 852 1801 ubi
893 1761 1067 1812 primum
1106 1761 1187 1801 illis
1231 1774 1392 1813 operam
1437 1762 1531 1801 dare
1568 1762 1712 1814 coepit,

207 1837 344 1877 statim
374 1818 642 1885 intellegeret,
671 1846 739 1874 eos
767 1835 892 1886 ipsos,
922 1834 1083 1887 quidde
1109 1834 1169 1874 his
1186 1835 1304 1874 rebus
1321 1834 1579 1874 statuendum
1597 1840 1714 1883 esset,

207 1922 287 1949 non
316 1909 553 1956 consentire,
581 1908 653 1946 sed
683 1907 806 1946 alium
836 1907 957 1945 aliam
985 1908 1034 1946 de
1063 1907 1124 1946 his
1153 1907 1274 1946 rebus
1304 1911 1538 1957 conceptam
1568 1906 1715 1946 habere

208 1983 424 2022 notionem.
482 1979 614 2027 Quare
645 1992 693 2019 116
722 1979 874 2019 diutius
902 1978 1145 2025 haesitaret,
1173 1981 1216 2019 in
1253 1980 1434 2027 coelum,
1474 1979 1544 2018 ubi
1583 1979 1712 2029 ipsum

209 2067 350 2095 verum
380 2054 529 2105 optime
560 2052 740 2104 perspizi
767 2055 920 2103 posset,
950 2051 1195 2091 ascendendi
1224 2052 1437 2091 consilium
1469 2052 1583 2102 cepit.
1628 2051 1715 2110 Alis

210 2127 456 2178 comparatis
486 2125 723 2177 corporique
760 2124 1074 2164 accommodatis
1113 2124 1296 2164 celeriter
1334 2124 1510 2163 evolavit
1551 2126 1591 2163 et
1631 2123 1716 2174 pri-

201 2212 316 2239 mum
346 2198 398 2237 ad
426 2198 561 2236 lunam
588 2197 788 2248 pervenit,
818 2197 921 2235 unde
948 2196 1207 2247 Empedoclis
1237 2208 1311 2247 ope
1348 2196 1460 2235 oculo
1485 2196 1715 2235 acatissimo

209 2274 432 2312 instructus
461 2273 587 2309 totam
617 2272 768 2308 terram
797 2268 1071 2320 perlustravit.
1126 2267 1213 2314 Qua
1249 2267 1455 2308 oculorum
1499 2268 1584 2307 acie
1622 2279 1716 2306 usus

199 2348 470 2397 'quaecunque
498 2342 679 2382 homines
707 2342 902 2381 facientes
931 2341 1043 2388 vidit,
1075 2341 1134 2380 ita
1161 2341 1389 2393 descripsit,
1418 2344 1463 2380 ut
1490 2340 1591 2378 miro
1621 2351 1718 2391 quo-

211 2420 303 2458 dam
332 2418 416 2457 sale
446 2408 487 2456 et
514 2415 730 2456 dicacitate
760 2426 897 2455 eorum
927 2425 1085 2463 mores,
1114 2413 1272 2464 studia,
1302 2417 1428 2454 totam
1459 2412 1628 2464 denique
1657 2412 1717 2451 vi-

297 2584 331 2622 1)
356 2582 430 2614 dial.
454 2584 548 2613 mort.
573 2581 662 2620 xm,
687 2581 716 2612 6.

298 2646 333 2686 2)
359 2645 394 2676 C.
417 2644 455 2675 G.
480 2644 591 2676 Jacob.
619 2643 638 2674 l.
664 2653 688 2673 c.
716 2653 745 2684 p.
772 2643 840 2674 129.
