1860 2936
801 164 850 169 -
959 139 1010 179 28
1116 162 1167 170 .-

228 243 442 295 scripsisse
471 240 665 296 diciturss)
681 260 690 292 ;
719 244 788 284 ubi
817 256 841 283 a
869 256 962 285 vero
992 257 1149 298 quoque
1177 248 1404 297 temporum
1433 245 1571 288 ordine
1594 244 1738 288 Lucia.—

228 327 324 354 num
354 316 564 357 aberrasse
593 316 809 358 observare
836 317 961 357 iuvat.

333 388 548 428 Contraria
574 390 710 438 igitur,
738 388 1030 429 etiamsi·huno
1059 389 1265 439 dialogum
1301 389 1543 441 dempseris,
1572 389 1622 429 de
1658 388 1736 440 Py-

228 458 398 509 thagora
423 460 677 509 resen-uatum
705 453 835 513 neque
862 472 1071 506 seeusres
1098 461 1143 501 in
1167 459 1410 513 Empedocle
1438 464 1478 501 et
1499 461 1665 502 Socrate
1693 472 1736 500 se

226 531 358 571 habet.
414 532 486 573 Ille
515 533 620 572 enim
650 532 714 572 hie
743 533 855 580 (XX,
880 533 924 584 4)
953 533 995 572 in
1023 545 1118 573 orco
1156 545 1244 573 esse
1285 531 1510 586 ,ἡμίεφθος
1544 530 1625 572 ἀπὸ
1664 530 1737 585 τὴς

227 602 374 658 Αἴτνης
402 602 555 659 παρὼν’
584 606 626 645 in
654 606 774 654 ,veris
814 604 1013 645 historiis‘
1054 618 1104 646 ex
1121 605 1329 646 beatorum
1368 606 1512 646 insulis
1547 605 1736 646 exclusus

227 689 317 717 esse
335 678 382 727 2),
410 676 452 717 in
482 677 786 730 Icaromenippo
815 678 857 717 in
883 678 983 717 luna
1010 677 1193 718 habitare
1234 678 1529 730 perhibetur-⁹⁴).
1584 678 1734 718 Socra-

227 751 291 789 tes
319 752 454 791 autem
481 754 527 791 ut
553 750 595 790 in
623 751 742 797 ,veris
774 749 966 790 historiis‘
996 753 1037 790 et
1060 750 1425 803 ,Necyomantia‘⁴)
1454 763 1545 792 cum
1559 750 1732 791 Nestore
1760 757 1769 765 ⁹

226 824 266 860 et
301 821 517 862 Palamede
553 821 764 874 disputans
798 821 1007 861 inducitur
1059 821 1259 874 simulque
1316 822 1366 863 ob
1403 823 1574 884 ‘dictum
1631 821 1733 861 illud

224 893 520 945 pervulgatum,
548 906 627 947 quo
642 893 743 934 nihil
764 906 807 935 se
821 894 927 934 scire
946 892 1178 944 affirmavit,
1205 894 1493 946 perstringitur
1505 894 1615 944 (XX,
1626 894 1663 942 5,
1674 893 1733 945 6).

328 966 488 1007 Aeacus
521 968 695 1019 quidem,
723 967 789 1018 qui
818 967 972 1019 passim
1003 969 1138 1006 custos
1173 966 1351 1007 faucium
1393 968 1478 1008 orci
1521 979 1607 1007 esse
1621 967 1655 1015 ⁵)
1689 969 1733 1006 -et

224 1043 403 1079 mortuos
432 1052 457 1079 a
483 1038 686 1080 Mercurio
716 1038 864 1079 allatos
892 1050 1134 1091 percensere
1150 1039 1184 1084 ⁴³)
1214 1044 1427 1084 narratur,
1465 1039 1530 1080 hic
1558 1040 1601 1079 in
1628 1038 1732 1079 ulte-

223 1112 330 1151 riore
359 1112 472 1151 lacus
500 1111 648 1151 inferni
675 1113 765 1163 ripa
791 1116 971 1151 moratur
993 1110 1042 1160 ⁷).
1098 1111 1243 1150 Verum
1285 1112 1362 1152 hac
1398 1125 1441 1152 re
1481 1125 1562 1152 non
1602 1112 1732 1160 magis

224 1186 286 1223 est
315 1185 421 1235 quod
450 1182 728 1233 offendamur,
767 1196 886 1236 quam
925 1196 973 1224 ea
1011 1196 1078 1234 re,
1121 1185 1227 1236 quod
1265 1184 1478 1238 Menippus
1518 1183 1732 1236 colaphum

223 1256 501 1309 Sardanapalo
533 1257 701 1303 ducere,
730 1260 769 1296 et
796 1269 846 1297 ne
877 1256 1010 1305 ducat,
1040 1256 1090 1296 ab
1119 1257 1254 1297 Aeaco
1292 1257 1520 1309 prohibitus
1563 1257 1607 1296 in
1644 1256 1731 1296 eius

221 1330 369 1369 faciem
395 1330 584 1381 inspuere
612 1329 698 1369 vult
712 1330 766 1380 ε’);
794 1330 846 1369 ad
863 1329 1070 1381 Micyllum
1098 1331 1203 1369 enim
1231 1330 1387 1379 relego,
1420 1331 1487 1382 qui
1516 1330 1559 1369 in
1587 1329 1729 1373 ,Gallo‘

224 1401 383 1441 Simoni
412 1401 621 1452 colophum
651 1402 764 1441 ducit
780 1403 827 1450 ο).
876 1401 1013 1452 Itaque
1040 1401 1144 1441 hunc
1172 1401 1376 1452 dialogum
1406 1414 1426 1441 e
1452 1402 1620 1442 Luciani
1646 1412 1733 1440 ma-

222 1474 340 1513 nibus
367 1474 546 1526 prodiise
574 1473 805 1523 negandum
833 1485 912 1513 non
940 1477 1012 1513 est.
1057 1473 1110 1512 Ut
1137 1474 1185 1513 de
1215 1474 1289 1514 eis·
1302 1474 1485 1524 dialogis,
1514 1485 1615 1526 quos
1635 1473 1730 1512 item

221 1546 438 1586 Jacobsius
468 1546 517 1585 ab
547 1546 627 1586 alio
657 1547 854 1598 scriptore
884 1546 1091 1597 profectos
1122 1558 1211 1586 esse
1241 1547 1390 1596 voluit,
1420 1546 1516 1599 quid
1543 1546 1729 1592 sentiam,

221 1619 360 1658 statim
391 1619 549 1666 addam,
581 1619 742 1658 omnino
771 1630 850 1658 non
879 1618 1018 1666 video,
1048 1619 1144 1671 quid
1170 1618 1213 1658 in
1242 1618 1412 1669 dialogis
1439 1617 1645 1659 XXXImo
1690 1620 1730 1656 et

221 1690 443 1731 XXVIImo
471 1692 648 1732 Luciano
676 1692 886 1742 indignum
912 1692 1020 1731 insit.
1051 1691 1266 1742 Dialogum
1287 1695 1423 1733 autem
1441 1690 1731 1732 XXVIIImum

223 1765 308 1804 eius
335 1776 425 1804 esse
452 1764 516 1804 vir
542 1764 609 1804 ille
638 1764 781 1804 doetus
810 1763 970 1804 videtur
997 1776 1180 1814 negasse,
1210 1769 1428 1817 propterea
1458 1764 1564 1817 quod
1591 1763 1635 1802 in
1663 1774 1727 1802 ar-

221 1839 412 1888 gumento
442 1836 617 1876 obsceno
648 1842 841 1877 versatur.
897 1837 1049 1877 Verum
1078 1837 1133 1877 ad
1160 1838 1328 1878 eandem
1357 1838 1405 1878 de
1433 1837 1588 1878 Tiresia
1612 1835 1731 1875 fabu-

219 1909 300 1949 lam
328 1910 452 1950 etiam
479 1910 521 1949 in
549 1909 666 1950 Gallo
686 1909 739 1961 ¹⁰)
767 1909 975 1959 alluditu13
1003 1921 1051 1951 ac
1064 1910 1287 1951 Luoianum
1314 1910 1362 1951 de
1390 1909 1586 1951 eiusmodi
1611 1906 1731 1947 rebus

303 2078 338 2117 1)
362 2077 428 2109 Vit.
453 2079 535 2108 auct.
561 2076 582 2118 §
603 2077 634 2108 6.

303 2140 339 2178 2)
363 2138 435 2170 Ver.
459 2138 535 2170 hist.
558 2140 601 2176 11,
624 2138 675 2170 21.

301 2200 337 2241 3)
362 2200 499 2232 Icarom.
523 2198 543 2240 §
567 2200 618 2231 13.

303 2264 337 2303 4)
362 2262 435 2294 Ver.
459 2261 535 2293 hist.
557 2262 600 2299 ΙΙ,
626 2261 679 2300 173
701 2260 781 2293 Nec.
805 2260 825 2301 ἓ
851 2261 899 2294 18.

300 2324 337 2364 5)
361 2324 436 2355 dial.
461 2326 555 2355 mort.
580 2323 665 2363 xm,
689 2323 719 2355 4.
743 2322 830 2362 XVI,
853 2326 883 2355 2.
906 2323 972 2363 XX,
996 2323 1025 2354 1.

300 2386 336 2426 6)
361 2385 430 2418 Cat.
456 2385 477 2427 §
501 2386 530 2419 4.

301 2448 336 2488 7)
360 2447 437 2479 dial.
463 2449 558 2480 morl.
581 2447 647 2488 XX,
670 2446 689 2479 6
713 2447 753 2479 cs.
777 2445 856 2479 Nec.
880 2445 900 2487 §
925 2447 975 2478 17.

301 2509 337 2549 8)
361 2508 436 2541 dial.
460 2511 553 2541 mort.
578 2508 643 2547 XX,
666 2511 696 2540 2.

303 2566 341 2611 9)
366 2569 451 2602 Gali.
476 2570 496 2610 §
519 2569 571 2601 30.

283 2630 447 2676 10)·Ga11.
472 2631 492 2672 §
523 2631 572 2664 19.
