1860 2936
781 171 831 177 ...
941 149 989 187 16
1097 168 1146 177 -..

209 262 324 306 quem
355 252 433 293 sibi
472 252 652 302 eligeret,
680 253 722 291 in
766 264 896 304 quem,
936 265 1027 293 cum
1071 254 1215 293 aetatis
1258 252 1445 292 vitiorum
1485 252 1559 292 hoc
1596 253 1717 293 illove

208 337 453 378 magnopere
482 328 691 377 correptus
720 328 837 372 esset,
867 336 985 376 quam
1008 324 1272 365 infestissime
1299 322 1565 372 inveheretur,
1593 324 1718 365 veluti

211 399 363 448 ,Asino‘
404 398 446 437 in
484 398 654 437 Lucium
697 396 931 436 Patrensem
952 396 1000 448 ¹),
1042 398 1084 436 in
1123 397 1414 445 Alexandrum,
1458 396 1718 446 Peregrinum

207 470 397 511 Proteum
426 471 483 509 eis
511 469 639 517 libris,
675 469 744 521 qui
770 469 912 509 horum
953 458 1183 510 nominibus
1222 468 1405 519 insigniti
1433 473 1538 509 sunt.
1592 468 1718 508 Vide—

211 556 301 582 mus
330 543 454 592 igitur
482 541 701 581 Lucianum
732 554 755 581 a
782 542 920 593 lepida
948 546 989 581 et
1012 543 1159 582 festiva
1187 542 1425 582 cavilatione
1451 541 1648 593 paulatim
1670 553 1717 580 eo

211 616 407 661 transire,
455 618 499 653 ut
535 614 742 653 hominum
779 613 921 653 studia.
949 614 1111 663 inania,
1158 613 1368 663 libidines,
1410 614 1719 665 superstitiones

213 698 371 727 summa
399 686 460 725 ira
488 689 530 726 et
557 686 780 726 acerbitate
807 686 977 727 irrideat
994 686 1040 739 2).
1456 730 1469 741 ⁶

320 758 447 805 Quam
475 763 701 810 temporum
730 758 1047 798 definiendorum
1075 758 1201 798 statui
1230 770 1318 798 esse
1352 758 1563 805 rationem,
1607 761 1719 797 reete

216 844 305 871 eam
333 831 376 870 in
403 831 635 871 universum
664 841 754 870 sese
786 830 935 871 habere
963 830 1025 871 vel
1053 831 1148 871 inde
1185 831 1443 870 manifestum
1482 833 1563 879 est,
1601 831 1719 883 quod,

220 905 255 944 si
287 915 387 956 quae
415 901 509 954 alia,
537 903 680 956 quibus
706 906 865 955 tempus
894 903 1064 944 alicuius
1092 903 1235 955 scripti
1264 909 1543 953 cognoscatur,
1570 903 1722 944 indicia

216 958 486 1023 inveniuntur,
516 989 603 1015 cum
635 988 683 1015 ea
712 980 948 1026 congruunt.
1000 975 1111 1016 Satis
1138 976 1266 1015 habeo
1296 988 1609 1016 commemorare
1636 987 1721 1024 ,na-

217 1037 381 1099 vigium²
412 1049 480 1099 qui
508 1048 692 1098 dialogus
720 1048 855 1087 indole
883 1052 1107 1100 naturaque
1137 1049 1177 1087 iu
1205 1049 1383 1100 priorum
1425 1047 1594 1088 Luciani
1621 1048 1722 1087 sati-

160 1175 167 1181 .
216 1133 353 1160 rarum
383 1132 549 1160 numero
579 1132 666 1161 esse
696 1121 893 1170 arguitur,
935 1132 1040 1160 anno
1072 1121 1144 1160 161
1175 1123 1246 1161 aut
1273 1121 1347 1160 sub
1376 1121 1494 1160 finem
1523 1120 1618 1161 anni
1647 1119 1723 1159 160

218 1194 446 1233 confectum
476 1205 564 1232 esse
593 1196 703 1232 certo
733 1193 895 1232 ostendi.
919 1205 1050 1244 posse.
1293 1182 1295 1184 ’

325 1266 435 1312 Quae
466 1266 570 1304 enim
597 1265 652 1303 ibi
682 1265 731 1312 de
750 1265 955 1316 Samippo,
985 1267 1052 1316 qui
1081 1265 1240 1306 Parthis
1269 1266 1423 1306 bellum.
1450 1265 1556 1305 ultro
1585 1265 1721 1307 infert,

220 1338 407 1378 dicuntur
435 1338 476 1388 (ξ
504 1336 588 1385 33),
617 1349 707 1375 cum
738 1337 843 1376 bello
874 1337 1063 1376 Parthico
1090 1338 1182 1376 inde
1209 1338 1258 1378 ab
1287 1350 1390 1377 anno
1421 1337 1498 1377 162
1524 1348 1648 1388 usque
1672 1337 1724 1376 ad

220 1422 370 1451 annum
400 1409 476 1449 165
503 1413 617 1459 gesto
657 1408 874 1449 cohaerent
911 1410 1132 1462 eademque
1173 1410 1231 1451 ita
1270 1414 1501 1464 comparata
1537 1413 1642 1459 sunt,
1681 1413 1723 1449 ut

220 1483 367 1523 bellum
398 1482 573 1522 nondum
604 1486 788 1522 exortum
817 1494 906 1522 esse
934 1483 1146 1533 intellegas
1160 1484 1207 1532 ³).

324 1554 475 1596 Verum
505 1567 595 1595 cum
624 1560 864 1605 argumenta
891 1567 911 1594 e
940 1555 1025 1595 solo
1053 1555 1249 1596 librorum
1279 1557 1450 1596 consitio
1490 1555 1725 1606 rationeque

222 1631 386 1680 sumpta
413 1628 514 1667 satis
550 1640 709 1679 semper
746 1628 905 1667 lubrica
944 1629 1050 1676 sint,
1093 1630 1196 1678 iam,
1234 1629 1304 1668 ubi
1332 1630 1380 1668 de
1408 1628 1521 1669 libris
1559 1628 1727 1668 Luciani

222 1700 449 1752 Menippeis
477 1700 607 1739 acturi
636 1711 789 1749 sumus,
819 1700 940 1740 etiam
968 1699 1049 1740 alia
1076 1700 1268 1752 temporis
1299 1700 1449 1740 indicia
1488 1701 1724 1752 circumspi—

223 1773 367 1813 cienda
393 1771 508 1811 nobis
535 1775 643 1812 sunt.
1143 1826 1146 1828 v
1260 1810 1263 1812 μ

328 1845 459 1897 Supra
487 1842 699 1884 docuimus
727 1842 949 1885 Lucianum
976 1845 1018 1885 in
1045 1842 1319 1893 ,Hermotimo‘
1348 1843 1506 1895 dialogo
1525 1848 1652 1886 totum
1678 1858 1728 1885 ex

225 1916 407 1970 Menippi
430 1917 546 1965 libro,
575 1917 642 1968 qui
672 1914 780 1971 ,πρὸς
807 1912 903 1964 τοὺς
930 1913 1146 1967 φυσικούς·
1188 1917 1436 1958 inscribitur‘·
1477 1918 1653 1969 pendere
1680 1929 1728 1957 ac

224 1994 436 2043 praeterea
463 1989 681 2030 verisimile
710 2000 800 2029 esse
828 1989 953 2029 etiam
980 1990 1023 2029 in
1052 1989 1272 2038 ‚Convivio‘
1302 1994 1341 2029 et
1367 1989 1565 2042 ,epistolis
1589 1990 1728 2029 Satur-

226 2062 399 2103 nalibus‘
441 2074 531 2102 eum
566 2061 675 2101 illius
707 2061 855 2101 satiras
883 2061 1121 2114 respexisse.
1178 2061 1387 2109 Quodcum
1425 2061 1537 2102 hisee
1574 2060 1728 2101 duobus

228 2135 400 2185 dialogis
428 2134 606 2186 ineptiae
634 2129 839 2174 hominu'm
868 2146 957 2174 cum
985 2134 1117 2175 ironia
1145 2138 1185 2175 et
1212 2133 1322 2175 salsa
1349 2138 1560 2175 venustate
1593 2132 1753 2183 exa'gi-.

227 2211 363 2248 tentur
390 2207 566 2258 nihilque
593 2207 709 2247 ineis
738 2207 848 2254 insit,
879 2207 985 2246 unde
1013 2208 1220 2258 posterius
1250 2211 1410 2258 tempus
1441 2208 1648 2247 evincatur
1664 2207 1733 2245 vix

228 2280 467 2328 errabimus,
495 2279 531 2319 si
558 2291 638 2318 non
666 2277 792 2318 multo
820 2280 915 2330 post
945 2278 1267 2329 ,Hermotimum‘
1294 2282 1530 2331 conceptum
1545 2290 1612 2318 eos
1630 2279 1731 2317 scri-

228 2357 318 2405 ptos
346 2365 434 2393 esse
463 2351 810 2392 affirmaverimus.
864 2351 1066 2391 Lucianus
1095 2353 1211 2401 enim,
1240 2362 1282 2391 se
1310 2352 1470 2391 omnino
1498 2350 1588 2389 aliis
1633 2351 1733 2389 scri-

316 2489 351 2527 1)
375 2489 485 2520 Erwin
509 2488 640 2520 Rhode:
675 2481 774 2527 ‚tiber
805 2489 945 2521 Lucians
977 2487 1101 2519 schrift
1135 2487 1254 2519 Lucius
1277 2488 1354 2519 oder
1376 2486 1433 2518 der
1457 2484 1555 2518 Esel‘.
1600 2487 1736 2526 Leipzig

234 2551 314 2584 1869
337 2560 369 2591 p.
396 2551 413 2582 1
437 2553 469 2581 et
491 2550 532 2583 72
554 2550 594 2582 cf.
617 2549 696 2582 Luc.
719 2549 834 2581 Pseud.
860 2549 881 2591 ς’
903 2548 934 2582 4.

315 2612 354 2653 2)
380 2609 415 2644 C.
437 2612 492 2643 Fr.
516 2612 689 2644 Hermann.
711 2612 733 2644 1.
758 2622 784 2644 c.
807 2621 839 2652 p.
861 2611 934 2644 212.

318 2674 354 2714 3)
378 2673 434 2708 Fr.
457 2656 615 2705 Fritsche.
639 2675 719 2705 Luc.
743 2673 791 2704 ed.
817 2673 860 2706 11.
884 2673 904 2705 2
928 2673 965 2704 ad
989 2673 1104 2714 Navig.
1130 2674 1149 2715 §
1173 2674 1223 2705 33.
