1860 2936
765 169 948 208 ->‘7
1053 191 1105 199 ..

181 274 254 316 bus
270 276 307 327 ¹)
335 276 477 321 docet,
517 274 586 327 qui
613 272 793 326 Menippi
829 275 1000 314 aetatem
1038 270 1093 312 M.
1121 271 1299 313 Terentii
1327 271 1528 314 Varronis
1569 273 1682 312 aetat

177 348 296 398 longe
324 347 597 400 praecessisse
621 350 806 386 testatur.
860 345 1000 398 Itaque
1040 345 1247 397 aliquanto
1285 350 1380 386 ante
1421 345 1474 386 ol.
1505 345 1583 385 160
1609 343 1681 385 flo-

178 422 306 461 ruisse
333 426 423 460 eum⁴
451 419 708 459 statuendum
736 418 854 459 nobis
881 421 956 459 est.
1218 419 1228 426 '

283 492 378 532 Fuit
418 491 678 543 philosophus
716 492 880 542 cynicus
926 490 1163 531 Gadarenus
1179 490 1227 541 ²).
1283 490 1480 541 Diogenes
1519 490 1681 542 quidem

176 564 361 603 Laertius
398 563 636 603 Phoenicem
684 574 775 602 eum
813 562 938 603 fuisse
975 562 1100 602 refert
1139 561 1226 613 (VI,
1253 562 1337 613 99),
1373 562 1446 603 sed
1481 562 1601 614 Syria
1639 565 1681 602 et

179 635 380 677 Phoenice
408 637 571 689 saepius
597 636 704 676 inter
730 647 774 676 se
802 635 1117 676 confunduntur.
1145 634 1253 675 Idem
1282 634 1359 675 alio
1388 635 1477 675 loco
1505 632 1681 686 (V1‚95)

178 708 440 760 Sinopensem
469 721 557 748 eum
587 708 791 760 appellat,
829 709 897 760 qui
934 719 1047 747 error
1084 707 1178 748 inde
1206 710 1324 747 natus
1352 707 1535 756 videtur,
1563 706 1682 759 quod,

179 782 225 820 ut
265 792 337 820 suo
376 781 463 820 iure
493 782 617 820 statui
655 783 811 833 potest,
855 780 1093 833 Menippus,
1140 792 1228 819 cum
1268 778 1435 820 Batonis
1469 779 1683 819 cuiusdam

177 853 335 893 Pontici
362 865 500 893 servus
529 857 638 893 esset
667 854 803 905 (Diog.
823 853 869 893 L.
896 853 961 900 VI,
981 854 1065 902 992,
1093 865 1173 892 una
1200 865 1290 893 cum
1317 854 1478 892 domino
1505 852 1679 902 Sinopae

178 924 347 966 inni-be
374 937 445 978 per
473 925 636 977 aliquod
665 928 826 977 tempus
854 928 1125 966 commoratus
1148 928 1225 964 est.

281 997 368 1037 Iam
406 998 454 1037 de
498 998 663 1049 scriptis
701 997 878 1037 breviter
923 998 1179 1038 disseramus.
1234 997 1434 1047 Diogenes
1481 996 1682 1045 Laertius,

178 1069 246 1122 qui
273 1069 401 1109 vitam
429 1070 513 1109 eius
542 1070 807 1121 conscripsit,
834 1070 1025 1109 tredecim
1051 1069 1179 1110 libros
1208 1081 1297 1109 eum
1338 1055 1564 1109 confecisse
1597 1081 1683 1108 me-

178 1141 330 1182 moriae
357 1142 557 1194 prodidit,
585 1155 607 1183 e
656 1142 798 1195 quibus
835 1141 1048 1182 nonnullos
1088 1142 1332 1188 nominavit3
1369 1145 1485 1191 sunt,
1516 1142 1551 1182 si
1579 1141 1680 1182 duos

178 1214 318 1254 titulos
346 1214 395 1254 ab
423 1215 632 1255 Athenaeo
661 1218 844 1255 servatos
871 1215 1068 1261 addimus,
1091 1215 1156 1254 hi:

430 1286 704 1341 ιΑρνιεσὶλαος.
731 1277 876 1327 Athen.
902 1285 999 1326 XIV
1024 1297 1066 1338 p.
1093 1286 1172 1327 664
1198 1298 1232 1326 e.
1261 1298 1294 1326 c.
1321 1286 1385 1326 85.

433 1357 688 1413 Συμπὸσιον.
715 1359 757 1399 id
783 1358 876 1398 XIV
903 1370 941 1409 p.
969 1358 1049 1398 629
1075 1370 1108 1397 e.
1137 1369 1172 1397 c.
1200 1359 1263 1398 27.

432 1433 661 1486 Διαθῆκαι.
690 1430 806 1480 Diag.
835 1429 879 1471 L.
907 1429 972 1478 VI,
1001 1430 1090 1470 101.

429 1500 676 1543 Ἐπιστολαὶ
707 1501 1046 1556 κεκομψευμέναι
1074 1498 1154 1541 ἀπὸ
1184 1501 1260 1541 τοῦ
1289 1503 1371 1541 τῶν
1388 1503 1496 1540 θεῶν

429 1572 663 1630 προσώπου.
691 1575 852 1616 ibidem.
978 1567 980 1570 Α

431 1643 603 1689 Neaera.
632 1647 794 1688 ibidem.

283 1720 491 1763 Postremo
519 1718 607 1762 loco
636 1720 834 1773 Diagenes
862 1721 1047 1763 Laertius
1075 1719 1193 1763 affert
1221 1720 1329 1777 ,πρὸς
1356 1720 1451 1771 τοὺς
1478 1720 1680 1774 φυσικοὺς

181 1791 251 1832 καὶ
280 1790 603 1847 μαθηματικοὺς
630 1791 699 1832 καὶ
729 1791 1046 1848 γραμματικοὺς
1086 1792 1155 1833 καὶ
1185 1794 1306 1846 γονὰς
1331 1794 1581 1848 Ἐπικόυρου
1612 1794 1681 1834 καὶ

181 1864 256 1913 τὰς
280 1865 612 1919 θρησκευομένας
640 1859 706 1905 ὑπ’
736 1861 873 1906 αὐτῶν
902 1864 1088 1913 studeas&
1145 1867 1207 1907 Ac
1234 1879 1331 1907 sane
1356 1866 1508 1917 ambigi
1535 1870 1684 1920 potest,

181 1942 277 1990 quot
305 1937 399 1977 libri
425 1936 488 1977 his
517 1936 649 1978 verbis
687 1939 980 1978 contineantur.
1049 1937 1261 1979 Oehlerum
1300 1951 1408 1989 vero,
1453 1940 1522 1992 qui
1558 1952 1683 1980 unum

179 2008 329 2050 librum
356 2010 430 2049 hac
457 2003 719 2062 inscriptione
747 2010 965 2060 significari
993 2009 1091 2061 vult,
1118 2022 1253 2051 errare
1281 2010 1447 2062 planum
1475 2015 1539 2051 est
1573 2012 1618 2064 (l.
1648 2025 1682 2053 c.

180 2093 220 2134 p.
247 2083 299 2122 29
327 2083 417 2122 adn.
446 2082 528 2134 72).
584 2082 762 2123 Primum
789 2083 896 2122 enim
932 2082 1067 2123 verbis
1104 2082 1254 2137 (πρός)
1283 2080 1404 2135 γονὰς
1428 2080 1681 2139 Ἐπικούρου

182 2142 251 2193 κοῦ
279 2153 352 2202 τὰς
377 2155 710 2210 θρησκευομένας
738 2150 811 2194 {ml
833 2151 971 2195 αὐτῶν
1000 2151 1175 2203 εἰκάδας,
1204 2156 1240 2195 si
1267 2167 1347 2196 non
1383 2147 1508 2204 duos,
1544 2141 1697 2208 singu-¹

180 2226 308 2266 larem
335 2229 469 2266 tamen
497 2227 642 2267 librum
669 2227 889 2277 significari
924 2230 1047 2279 patet.
1103 2226 1200 2278 Ipsa
1239 2231 1374 2269 autem
1417 2228 1517 2269 haec
1559 2230 1684 2269 verba

180 2303 290 2339 recte
318 2298 468 2338 tradita
494 2311 581 2339 esse
609 2311 688 2339 non
715 2300 913 2340 videntur.
970 2300 1076 2340 Nam
1103 2311 1345 2352 quamquam
1383 2301 1522 2340 statim
1559 2314 1683 2342 unus-2

181 2372 351 2424 quisque
393 2369 515 2418 videt,
561 2372 692 2412 verbis
720 2366 801 2420 ,ὑπ’
829 2360 1226 2424 αὗὲῶνῗΕρίοιιτθοε
1264 2371 1557 2422 intellegendos
1581 2386 1687 2424 esse„

180 2454 262 2483 non
288 2450 424 2483 tamen
452 2442 613 2491 habent,
643 2455 720 2495 quo
749 2445 984 2484 referantur.
1033 2443 1263 2484 Verisimile
1289 2447 1351 2484 est
1377 2444 1511 2486 verbis
1550 2446 1693 2499 ,γονὰς

179 2513 458 2569 'Em-iuoiipou‘
487 2515 538 2555 ad
552 2513 649 2562 Διός
674 2516 760 2556 sive
788 2515 961 2569 Ἀθηνᾶς
987 2512 1116 2568 γονάς’
1133 2515 1308 2556 allusum
1336 2528 1424 2557 esse
1441 2517 1693 2572 cultumque,

264 2630 298 2669 1)
316 2630 349 2661 in
376 2630 469 2670 Verg.
493 2629 552 2661 ecl.
578 2630 617 2660 Vl
642 2639 673 2671 p.
699 2630 738 2662 14
758 2629 809 2662 ed.
832 2631 918 2663 Keil.
941 2630 1033 2663 Halis
1056 2629 1149 2664 1848.

262 2692 300 2733 2)
326 2692 443 2723 Strabo
467 2693 547 2724 XVI.
571 2702 601 2734 p.
625 2692 688 2724 759
710 2692 758 2724 ad.
783 2694 942 2725 Meineke.
967 2695 1150 2736 Stephanus
1172 2695 1210 2726 B.
1236 2705 1263 2728 s.
1287 2705 1317 2728 v,
1341 2697 1493 2741 Γαδάρα.
