1860 2936
759 194 810 200 b
918 169 941 210 6
1049 192 1099 203 ...

172 275 384 328 amplexus
417 280 477 317 est
493 281 533 317 et
562 277 732 326 vestigia
759 278 932 329 ‚ineptae
961 278 1170 317 cuiusdam
1199 281 1238 318 et
1260 277 1425 329 putidae
1441 274 1681 317 imitationis

172 347 236 387 hic
263 348 346 388 illic
385 352 596 402 apparere‘
636 348 865 389 affirmarit.
949 350 1089 401 Neque
1118 353 1277 396 tamen,
1307 362 1408 402 quae
1444 349 1505 388 illi
1539 353 1681 389 contra

170 419 392 461 Lucianum
423 423 667 474 scriptorem
694 423 810 462 huius
839 422 989 472 dialogi
1017 423 1059 461 in
1083 423 1262 462 medium
1290 422 1554 474 protulerant,
1583 421 1683 473 talia

171 491 345 541 fuerunt,
377 498 422 533 ut
449 506 587 535 omnes
616 496 675 535 eis
703 494 1010 534 assentirentur.
1039 494 1164 533 Immo
1190 494 1306 534 multi
1334 494 1551 544 genuinam
1580 493 1682 533 hanc

172 565 341 605 satiram
370 578 459 606 esse
488 570 671 607 censent.
702 567 787 614 Quo
817 578 866 605 ex
894 578 1060 606 numero
1091 571 1203 606 sunt:
1244 565 1572 607 Hemsterhusius
1602 566 1681 617 (ed.

174 636 264 690 Bip.
294 638 352 678 ΙΙΙ
367 651 405 690 p.
434 639 547 690 355),
575 640 641 681 Fr.
655 638 907 679 Fritzschius
936 639 979 690 (l.
1002 650 1034 679 c.
1051 652 1090 692 p,
1107 639 1198 691 IX).
1220 638 1428 679 xPrellerus
1457 637 1681 690 (encyclop.

173 708 383 762 Paulyana
410 724 493 751 s.V.
524 712 654 764 Luc),
683 711 884 751 Mehlerus
913 712 1195 763 (Mnemosyne
1224 711 1276 751 ΙΙΙ
1303 722 1342 763 p.
1372 711 1428 762 6),
1456 700 1681 755 Bekkerus‚

153 780 416 828 'Dindorfius‚
444 779 810 824 Sommerbrodtius
839 783 880 830 (l.
910 795 943 822 c.
972 796 1009 835 p.
1039 781 1166 832 XIX).

278 855 655 908 Icammenippum,
706 856 812 907 quod
860 856 1009 902 sciam,
1050 855 1161 895 solus
1201 855 1429 894 Fridericus
1465 855 1681 895 Jacobsius

88 965 101 977 ‚
174 925 218 972 (l.
248 938 281 965 c.
310 938 351 977 p.
379 927 476 975 297)
505 927 673 967 Luciani
714 938 803 966 esse
839 927 1014 977 negavit.
1096 927 1250 974 Quibus
1286 931 1419 966 tamen
1457 926 1681 966 rationibus

173 998 319 1038 ductus
349 1000 389 1039 id
419 1000 609 1040 iudicium
639 999 805 1046 tulerit,
838 999 955 1039 valde
984 998 1198 1039 dolendum
1240 1002 1324 1049 est,
1373 999 1479 1051 quod
1519 1000 1681 1038 omnino

173 1081 254 1108 non
282 1072 482 1122 exposuit.

277 1142 385 1184 Idem
416 1144 537 1184 etiam
567 1157 587 1184 e
615 1137 865 1184 mortuorum
894 1142 1066 1195 dialogis
1095 1144 1212 1185 hosce
1241 1148 1452 1197 quattuor:
1522 1144 1585 1192 20,
1615 1144 1681 1189 26,

171 1214 235 1263 27,
264 1217 314 1254 28
343 1216 460 1256 huius
489 1218 699 1268 scriptoris
728 1229 809 1255 non
836 1229 925 1256 esse
955 1217 1058 1256 dixit
1086 1217 1130 1264 (l.
1162 1229 1196 1256 c.
1224 1230 1264 1269 p.
1295 1217 1403 1268 288).

276 1287 510 1341 Priusquam
542 1302 634 1329 vero
663 1289 712 1329 de
740 1288 803 1329 his
831 1289 996 1340 scriptis
1025 1289 1126 1341 ipsis
1156 1301 1294 1339 agam,
1323 1289 1593 1329 necessarium
1623 1291 1681 1329 vi-

172 1359 289 1398 detur
318 1361 533 1412 inquirere,
563 1363 749 1413 quisnam
779 1362 993 1413 Menippus
1021 1362 1112 1408 ille,
1142 1364 1193 1401 ad
1215 1346 1337 1413 ‘quem
1367 1366 1501 1413 partes
1530 1364 1679 1413 prima-

170 1432 254 1471 riae
283 1432 441 1472 delatae
472 1436 591 1480 sunt,
629 1433 772 1481 fuerit,
801 1434 1053 1485 quidquede
1083 1433 1166 1472 vita
1195 1434 1441 1485 scriptisque
1470 1434 1554 1473 eius
1596 1447 1679 1473 me-

169 1504 323 1542 moriae
351 1505 556 1555 proditum
587 1506 650 1544 sit.
708 1504 804 1545 Inde
833 1506 939 1544 enim
968 1505 1089 1544 simul
1117 1505 1159 1544 id
1186 1505 1446 1556 proficimus,
1475 1508 1546 1554 ut,
1577 1518 1680 1559 quae

171 1577 274 1615 ratio
302 1577 406 1617 inter
434 1591 522 1618 eum
552 1567 854 1630 Lucianumque
883 1577 1174 1627 intercesserit,
1203 1579 1488 1630 percipiamus.

277 1649 425 1689 Tenuis
455 1650 504 1689 de
532 1650 725 1703 Menippo
753 1652 950 1690 memoria
978 1650 1030 1689 ad
1060 1654 1239 1690 nostram
1282 1655 1456 1690 aetatem
1484 1653 1677 1691 manavit.

171 1721 229 1761 De
259 1726 391 1763 aetate
421 1725 506 1764 eius
535 1725 812 1764 testimonium
851 1724 961 1776 apud
997 1724 1220 1774 Diogenem
1246 1724 1452 1764 Laertium
1496 1723 1580 1773 (VI,
1608 1725 1677 1772 99)

172 1797 320 1841 exstat,
350 1798 415 1847 qui
446 1796 696 1847 Meleagrum
727 1797 936 1848 aequalem
965 1797 1002 1835 ei
1029 1798 1154 1836 fuisse
1183 1797 1281 1836 dicit
1310 1797 1403 1847 (τοῦ
1427 1796 1521 1836 κατ’
1549 1792 1677 1836 αὐτὸν

169 1867 424 1921 γενομένου).
479 1870 517 1909 Is
557 1882 675 1918 vero,
719 1869 787 1921 qui
827 1868 1090 1922 philosophus
1128 1870 1292 1922 cynicus
1330 1869 1408 1909 fuit
1447 1872 1488 1910 et
1523 1870 1677 1921 primus

170 1940 503 1990 epigrammatum
548 1955 737 1982 coronam
768 1942 945 1992 collegit,
985 1942 1150 1982 dubium
1180 1954 1270 1982 esse
1298 1955 1375 1982 non
1403 1947 1550 1993 potest,
1580 1944 1676 1994 quin

169 2012 278 2055 circa.
306 2014 356 2054 ol.
388 2016 465 2056 170
490 2016 643 2055 vixerit
655 2016 703 2068 1).
758 2015 877 2056 Unde
905 2028 1073 2056 exorsus
1102 2014 1297 2056 Oehlerus
1315 2015 1364 2064 2),
1408 2028 1498 2055 cum
1527 2014 1677 2055 Melea-

168 2096 239 2133 ger
265 2087 422 2129 duobus
452 2089 755 2142 epigrammatis
783 2101 826 2129 se
854 2088 1032 2143 Menippi
1060 2088 1199 2129 Musas
1227 2088 1469 2148 aemulatum
1499 2100 1587 2128 esse
1615 2089 1676 2129 di-

137 2199 144 2205 ,
169 2155 256 2210 cat,
299 2161 405 2202 hunc
433 2164 554 2215 paulo
582 2167 679 2203 natu
707 2164 903 2206 maiorem
929 2163 1056 2221 fuisse
1085 2166 1125 2202 et
1160 2161 1271 2205 circa
1296 2160 1350 2202 ol.
1379 2162 1459 2201 160
1494 2161 1677 2202 floruisse

170 2234 367 2284 exposuit.
424 2233 507 2275 Sed
534 2234 633 2274 haec
661 2235 765 2274 ratio
789 2233 952 2279 labitur,
1006 2232 1208 2283 Diogenes
1237 2234 1344 2273 enim
1384 2233 1568 2274 Laertius
1597 2233 1675 2274 sibi

169 2316 247 2343 non
277 2310 450 2353 constat,
478 2319 565 2346 cum
597 2307 811 2359 Hermippi
839 2306 1065 2362 Smyrnaei,
1094 2307 1162 2358 qui
1190 2306 1299 2346 circa
1326 2305 1379 2350 ol,
1408 2306 1483 2349 146
1524 2305 1674 2352 floruit,

169 2377 218 2416 de
247 2378 435 2431 Menippo
463 2379 743 2420 testimonium
772 2379 916 2420 afferat
939 2379 1023 2429 (VI,
1051 2379 1133 2430 99).
1189 2377 1303 2426 Quod
1330 2379 1494 2430 quidem
1521 2378 1572 2417 de
1607 2390 1674 2418 ae÷

170 2451 252 2491 tate
292 2452 580 2494 testimonium.
617 2452 781 2504 propius
829 2464 852 2491 a
899 2464 994 2491 vero
1045 2451 1187 2492 abesse
1241 2450 1292 2490 M.
1340 2450 1526 2494 Valerius
1576 2448 1673 2490 Pro-

254 2604 292 2646 1)
315 2604 371 2636 Fr.
392 2606 569 2638 Jacobsius.
594 2608 716 2649 proleg.
742 2607 893 2640 adslom.
919 2607 958 2637 vl
983 2606 1111 2637 Anlliol.
1138 2605 1196 2638 Gr.
1218 2616 1250 2646 p.
1274 2605 1327 2644 39,
1349 2606 1401 2642 40.

251 2665 291 2707 2)
315 2666 361 2701 M.
384 2667 523 2700 Terentii
549 2670 708 2702 Varronis
727 2669 891 2710 reliquiae.
917 2667 1136 2714 Quodlinburg
1161 2666 1243 2705 1844
1265 2676 1296 2708 p.
1319 2666 1372 2704 41,
