1860 2936
760 127 1130 171 -40--

203 235 304 275 Tum
330 246 428 276 -vero
457 237 498 275 et
524 246 628 287 quae
656 234 832 275 Tiresias
860 234 1051 289 Menippo
1079 236 1309 287 respondet,
1350 238 1392 276 et
1414 247 1519 288 quae
1544 236 1596 276 de
1624 219 1709 276 Me-

201 310 314 362 nippi
342 304 525 358 consilio,
565 319 642 360 quo
672 306 817 348 ductus
847 308 890 348 in
918 300 1057 348 orcum
1085 308 1355 356 descenderit,
1387 320 1521 348 seeum
1550 313 1594 348 et·
1618 320 1708 348 cum

200 382 373 422 Luciani
399 379 533 421 indole
560 379 822 432 moribusque
850 384 935 421 tam
963 383 1075 421 arcte
1111 381 1338 427 cohaerent,
1375 385 1420 422 ut
1447 382 1583 421 omnia
1608 381 1709 421 haec

202 468 224 495 e
252 467 325 495 suo
353 438 575 495 Lucianuni
605 452 766 493 dedisse
794 453 915 494 facile
944 454 1194 494 crediderim.

304 526 456 567 Verum
486 537 573 566 cum
589 525 768 565 Luciano
796 526 909 566 ineis
931 526 1107 579 scriptis,
1135 526 1283 580 quibus
1295 527 1344 566 de
1356 530 1599 567 testamenta
1612 522 1705 579 cap-

198 601 372 641 tantium
390 598 545 639 artibus
565 599 664 649 agit,
691 599 782 639 dico
799 598 981 650 dialogos
1008 603 1257 639 mortuorum
1276 599 1373 639 V—
1391 598 1559 639 leum
1578 598 1706 639 multa

199 685 290 714 cum
303 672 473 713 Horatio
495 672 724 713 communia
751 671 886 720 sint2),
911 671 999 713 iure
1026 672 1251 725 meritoque
1280 674 1462 713 statuere
1490 665 1705 723 possumus

196 745 434 797 Menippum
464 755 623 796 quoque
666 755 736 783 eas
775 743 952 783 irrisisse
989 748 1110 796 atque
1149 744 1328 784 elusisse.
1383 744 1497 791 Quod
1542 745 1705 797 quidem

198 829 277 869 qua
304 817 431 857 satira
456 816 611 863 fecerit,
641 829 729 856 cum
759 828 838 856 non
867 828 1006 855 omnes
1034 816 1280 867 scriptorum
1309 816 1393 855 eius
1421 817 1529 856 tituli
1556 817 1705 856 servati

197 890 292 937 sint,
319 888 399 928 dici
429 889 581 941 nequit.
635 888 769 940 Atque
800 889 841 928 id
872 900 1029 940 quoque
1060 887 1223 928 dubium
1253 887 1505 940 relinquitur,
1535 900 1588 928 an
1616 887 1703 928 Me-

195 962 344 1014 nippus
372 960 551 1001 Tiresiae
579 973 793 1013 personam
822 947 1066 1001 adhibuerit.

300 1035 357 1074 At
382 1034 520 1074 insunt
546 1034 588 1074 in
618 1033 947 1086 ‚Necyomantia‘,
991 1028 1274 1086 quae’eodem
1310 1036 1381 1074 aut
1419 1032 1542 1074 simili
1579 1032 1701 1074 modo

194 1107 319 1147 etiam
348 1106 450 1146 alias
479 1118 503 1145 a
522 1106 699 1146 Luciano
729 1107 837 1146 dicta
865 1108 959 1146 sint.
1017 1106 1120 1146 Sane
1149 1107 1309 1158 quidem
1338 1109 1378 1146 et
1404 1119 1467 1146 res
1496 1106 1587 1146 aliis
1616 1106 1704 1146 dia-

193 1180 299 1230 logis
328 1178 594 1219 adumbratae
637 1179 878 1228 referuntur,
923 1181 962 1217 et
997 1179 1222 1219 sententiae
1258 1182 1378 1230 atque
1414 1177 1701 1217 similitudines

193 1252 360 1292 eaedem
389 1255 507 1302 atque
535 1251 577 1289 in
607 1250 698 1289 aliis
735 1250 883 1289 libellis
924 1251 1193 1289 inveniuntur.
1249 1249 1327 1289 Sed
1356 1250 1554 1303 eiusmodi
1586 1262 1701 1302 repe-

191 1323 360 1370 titiones
388 1322 430 1362 in
460 1322 645 1362 omnibus
674 1321 844 1362 Luciani
872 1321 1038 1373 scriptis
1069 1324 1300 1361 occurrunt.
1328 1320 1450 1361 Cuius
1478 1321 1536 1361 rei
1565 1332 1702 1361 exem-

191 1396 262 1448 pla
288 1407 421 1448 pauca
475 1394 705 1435 afferamus.
732 1417 784 1424 -
811 1394 1079 1434 Luculentum
1109 1394 1392 1433 documentum
1421 1397 1482 1433 est
1516 1393 1700 1443 dialogus

190 1468 322 1509 Xmus
363 1470 637 1517 mortuorum,
683 1467 798 1507 cuius
844 1469 1127 1516 argumentum
1164 1467 1241 1507 etsi
1284 1467 1443 1519 plenius
1484 1466 1699 1508 adumbra-

272 1625 309 1663 2)
333 1623 413 1654 Hor.
439 1622 473 1654 11
495 1622 599 1654 Serm.
623 1623 658 1661 V,
685 1622 736 1660 12,
762 1622 813 1654 13.
1167 1622 1271 1654 dulcia
1293 1631 1389 1663 poma

498 1686 530 1715 et
552 1693 755 1725 quoscunque
778 1684 860 1715 feret
882 1684 986 1715 cultus
1007 1684 1067 1715 tibi
1091 1684 1206 1715 fundus
1228 1684 1368 1716 honores

483 1745 570 1796 'ante
592 1745 706 1777 Larem
742 1747 858 1785 gustet.

271 1819 349 1850 Luc.
375 1817 449 1849 dial.
474 1827 514 1848 m.
536 1817 591 1855 IX,
616 1817 636 1848 2
658 1816 744 1859 μετὰ
769 1816 802 1848 δὲ
837 1815 980 1849 παντοῖά
1011 1831 1069 1858 μοι
1102 1818 1192 1862 δῶρα
1225 1817 1417 1862 προσήγετο
1454 1817 1696 1860 ἁπανταχόθεν

187 1883 245 1920 τ’ἠς
268 1883 331 1923 γ’ἡς
352 1878 394 1911 τὰ
419 1877 600 1911 κάλλιστα.

271 1960 365 1983 serm.
390 1950 432 1991 ΙΙ,
458 1950 492 1991 V,
515 1949 567 1983 24.
879 1959 940 1981 neu
963 1951 990 1982 si
1014 1950 1104 1982 vafer
1124 1960 1205 1982 unus
1227 1952 1258 1981 et
1279 1949 1362 1982 alter

523 2011 743 2044 insidiatorem
776 2020 932 2053 praeroso
966 2012 1087 2052 fugerit
1118 2012 1212 2043 hamo

522 2075 576 2105 aut
598 2083 685 2115 spem
709 2073 850 2115 deponas
872 2076 927 2105 aut
948 2076 1049 2105 artem
1074 2073 1187 2105 illusus
1210 2074 1348 2105 omittas.

269 2146 299 2178 d.
325 2156 365 2178 m.
391 2145 482 2185 vni,
510 2146 526 2177 1
572 2145 627 2177 καὶ
652 2150 707 2178 νῦν
729 2144 921 2190 (Ερμόλαος
944 2142 1021 2189 ἔχει
1043 2145 1135 2187 τάμὰ
1161 2141 1271 2190 niffen-sq
1295 2159 1345 2184 τις

573 2206 708 2252 λάβραξ
732 2207 787 2240 καὶ
811 2207 850 2240 τό
874 2206 1061 2252 ἄγκιστρον
1084 2207 1132 2249 τῷ
1156 2206 1286 2240 δελέατι
1312 2206 1614 2251 συγκατασπάσας.

266 2288 363 2312 serm.
386 2279 431 2319 11,
455 2279 491 2317 V,
517 2279 569 2311 56.
798 2285 802 2288 ’
1070 2278 1257 2321 plerumque
1280 2281 1427 2310 recoctus

541 2340 645 2373 scriba
669 2351 708 2373 ex
732 2341 943 2382 quinqueviro
967 2349 1097 2373 corvum
1120 2339 1248 2372 deludet
1276 2340 1426 2372 hiantem.

263 2414 293 2445 d.
317 2424 357 2445 m.
382 2414 417 2453 V,
442 2414 471 2444 l.
518 2410 549 2445 οἶ
571 2413 605 2445 δὲ
627 2412 869 2457 προαπίτωσαν
893 2412 996 2453 αὐτοῦ
1019 2411 1130 2455 μάτην
1154 2412 1388 2455 ἐπιχανόντες.

266 2495 360 2537 serm.
382 2487 428 2526 II,
451 2486 488 2526 V,
513 2485 565 2518 69.
1123 2484 1324 2526 invenietque

553 2547 600 2579 nil
622 2548 684 2579 sibi
708 2548 847 2588 legatum
869 2551 1000 2589 praeter
1022 2547 1153 2589 plorare
1176 2547 1316 2588 suisque.

263 2619 293 2651 d.
317 2630 357 2651 m.
380 2620 434 2659 lx,
457 2618 490 2653 3.
538 2618 665 2658 ἐκείνας
691 2619 886 2660 (διαθήκας)
912 2618 1094 2652 κατέλιπον
1130 2617 1283 2661 οἰμώζειν
1309 2613 1413 2650 {laram
1437 2616 1585 2662 Φράσας.

1833 2275 1839 2435 ἐ

1831 2489 1836 2626 ἐ

1829 2646 1834 2728 4
