1860 2936
722 141 931 182 -35
1053 166 1086 170 -

167 262 247 291 non
274 250 486 295 habeant
514 259 718 300 exponere
747 257 885 294 coner‘,
915 257 1111 298 quasnam
1149 244 1340 297 Menippo
1379 244 1587 292 debuerit,
1627 242 1669 282 in

165 324 397 363 universum
423 326 560 362 tamen
588 322 655 360 vix
683 319 863 360 dubitari
890 331 1012 371 posse
1041 319 1215 359 arbitror
1257 317 1353 371 quin
1381 329 1471 357 eam
1498 320 1668 369 partem,

169 408 246 448 qua
275 396 324 437 de
352 396 518 435 mortuis
548 397 657 444 agat,
685 393 778 433 inde
805 393 1034 444 sumpserit.
1091 392 1178 439 Qua
1205 392 1246 431 in
1274 404 1318 431 re
1346 404 1395 432 ne
1434 390 1537 430 illud
1579 389 1667 440 qui-

167 469 257 508 dem
285 468 506 507 diiudicare
535 466 684 514 audeo,
713 476 805 504 num
835 464 1049 517 Menippus
1080 476 1235 516 quoque
1262 462 1519 515 plebiscitum
1558 473 1668 500 mor-

167 547 325 580 tuorum
355 542 425 579 aut
453 539 585 579 simile
627 538 778 589 aliquid
818 538 1081 589 descriptioni
1118 537 1341 582 addiderit;
1376 537 1493 576 facile
1530 538 1666 574 autem

167 614 209 652 in
237 624 326 651 eam
356 611 628 662 suspicionem
662 609 839 649 incidere
868 609 1109 661 poterimus,
1147 610 1181 648 si
1208 610 1249 648 in
1287 609 1467 661 epistolis
1509 618 1665 660 quoque

168 685 462 729 Saturnalibus,
491 695 589 736 quas
619 687 658 722 et
685 684 795 735 ipsas
825 694 874 722 ex
896 682 1077 735 Menippi
1104 683 1330 723 imitatione
1345 683 1548 734 profectas
1577 691 1667 720 esse

166 757 353 802 vidimus,
382 756 491 805 leges
520 756 729 806 quasdam,
759 767 859 806 quae
889 766 959 806 per
987 755 1220 794 Saturnalia
1247 755 1428 804 valeant,
1461 753 1598 794 afferri
1625 753 1666 791 in

165 830 397 869 memoriam
427 828 748 868 revocaverimus
778 827 880 877 (Sat.
908 830 932 876 ξ
964 828 1146 876 13-17).
1202 827 1285 867 lam
1314 829 1436 878 igitur
1472 827 1567 868 inde
1597 838 1666 865 ex-

165 902 308 953 plicari
336 906 482 954 potest,
512 913 581 940 cur
609 900 812 940 Luc-ianus
839 901 886 939 de
915 902 1083 940 mortuis
1123 901 1324 952 copiosius
1361 902 1512 950 egerit3
1548 911 1665 938 acce-

167 975 249 1023 dit,
288 975 393 1026 quod
434 963 703 1013 cavillationis
742 973 901 1012 aculeos
940 974 1062 1013 etiam
1103 975 1142 1013 in
1173 975 1317 1013 divites
1346 973 1488 1013 cadere
1526 971 1663 1010 voluit.

166 1048 277 1095 Quod
308 1049 468 1099 quidem
496 1048 554 1086 ita
583 1058 671 1086 esse
699 1050 743 1085 ut
769 1047 1070 1095 intellegamus,
1107 1058 1206 1098 quae
1236 1047 1436 1086 Lucianus
1467 1047 1513 1086 de
1542 1044 1664 1084 rebus

166 1121 332 1159 infernis
361 1120 499 1168 refert,
527 1119 762 1168 singillatim
791 1119 1099 1171 perpendamus.

269 1191 447 1231 Primum
476 1193 526 1230 ad
555 1191 700 1231 Minois
731 1192 861 1230 ibrum
891 1191 1150 1238 adducimur,
1181 1203 1204 1229 a
1232 1204 1308 1243 quo
1338 1204 1475 1230 omnes
1514 1191 1664 1229 mortui

166 1265 214 1305 ab
244 1264 396 1304 umbris
427 1266 605 1304 accusati
635 1264 950 1303 condemnantur
978 1266 1021 1313 (ξ
1053 1264 1129 1315 11).
1184 1264 1290 1312 Hae,
1318 1277 1407 1304 cum
1435 1263 1662 1303 hominibus

165 1350 324 1389 semper
353 1338 618 1384 adhaereant,
648 1341 926 1377 accusatorum
957 1350 1119 1377 munere
1150 1339 1258 1388 fungi
1298 1338 1498 1377 dicuntur.
1554 1336 1663 1376 Wie-

164 1411 324 1451 landius
339 1411 371 1461 l)
401 1415 459 1457 et,
500 1412 565 1462 qui
596 1423 682 1449 eum
712 1410 914 1462 sequitur,
944 1410 1199 1450 Lehmannus
1213 1412 1248 1457 2)
1284 1413 1548 1457 monuerunt,
1577 1422 1665 1448 um—

167 1484 279 1533 bras,
309 1496 397 1523 cum
425 1483 513 1522 luce
542 1485 792 1522 efficerentur
810 1511 819 1526 ‚
859 1484 910 1522 ad
938 1483 1113 1533 flagitia,
1153 1485 1300 1535 quippe
1339 1495 1439 1536 quae
1468 1482 1595 1521 multa
1623 1482 1663 1520 in

164 1556 296 1594 noctis
325 1555 500 1595 tenebris
530 1557 887 1604 committerentur,
916 1556 1137 1605 detegenda
1164 1557 1330 1595 idoneas
1361 1568 1439 1594 non
1468 1567 1568 1594 esse.
1613 1556 1666 1593 At

164 1622 290 1667 novos
320 1629 513 1679 quosdam
543 1631 582 1667 et
609 1628 805 1673 insolitos,
835 1630 902 1679 qui
931 1628 1112 1699 homipes
1141 1630 1338 1668 scelerum
1368 1635 1607 1667 accusarent
1626 1635 1665 1666 et

166 1700 468 1744 convincerent,
509 1699 690 1739 rhetores
731 1700 930 1740 Lucianus
975 1701 1163 1740 inducere
1215 1701 1362 1746 voluit}
1408 1700 1666 1752 quamobrem

166 1772 380 1812 multorum
409 1773 635 1811 facinorum
663 1773 844 1813 homines
876 1774 924 1812 ab
954 1775 1010 1812 eis
1029 1775 1189 1823 coargui
1218 1786 1338 1825 posse
1365 1775 1399 1812 ei
1428 1773 1667 1817 sufficiebat;

167 1856 294 1897 neque
322 1844 438 1884 nobis
467 1846 584 1884 anxie
614 1848 654 1884 et
682 1848 870 1885 accurate
900 1846 1300 1898 circumspiciendum
1339 1850 1421 1892 est,
1458 1858 1550 1885 nuni
1583 1857 1666 1885 om-

167 1918 276 1956 nium
305 1929 448 1956 revera
476 1918 672 1957 scelerum
703 1917 777 1957 hae
811 1920 993 1958 consciae
1022 1931 1109 1958 esse
1134 1920 1302 1970 possint.

272 1990 325 2030 Ut
353 1990 476 2040 igitur
502 1991 542 2029 iu
572 1990 645 2029 hoc
674 1991 837 2030 invento
867 1990 965 2031 nihil
993 1992 1124 2039 inest,
1169 2005 1238 2031 cur
1268 1992 1356 2044 quis
1396 1991 1582 2036 haereat,
1611 1992 1668 2030 ita

142 2074 215 2101 *ne
243 2074 292 2102 ea
320 2064 502 2115 quidem,
533 2076 631 2115 quae
661 2064 709 2103 de
737 2063 932 2117 Dionysio
961 2070 1197 2114 narrantur,
1235 2076 1475 2119 quamquam
1504 2064 1667 2103 umbra-

167 2147 253 2173 rum
283 2129 502 2175 auctoritas
522 2165 531 2181 ‚
560 2140 813 2188 quos-testes
844 2136 1067 2188 locupletes
1096 2150 1183 2178 esse
1212 2138 1328 2189 modo
1373 2137 1523 2176 dictum
1570 2141 1666 2182 erat,

169 2207 407 2255 gravissime
436 2208 659 2257 frangitur,
690 2212 830 2248 contra
858 2208 1081 2248 Lucianum
1109 2210 1222 2249 huius
1252 2210 1402 2248 satirae
1429 2209 1665 2259 scriptorem

170 2277 303 2318 afferri
331 2284 509 2331 possunt.
566 2281 782 2333 Dionysius
812 2281 938 2329 enim,
968 2282 1149 2332 quamvis
1179 2293 1203 2320 a
1230 2281 1360 2321 Dione
1390 2284 1600 2320 accusatus
1630 2284 1668 2319 et

170 2351 219 2390 ab
249 2351 392 2392 umbra
418 2351 614 2391 scelerum
644 2355 851 2394 convictus
881 2356 997 2402 esset,
1027 2366 1113 2393 cum
1143 2354 1375 2406 Aristippus
1405 2352 1671 2406 philosophus

168 2425 317 2465 multos
346 2424 525 2466 homines
555 2426 731 2467 eruditos
762 2428 810 2468 ab
842 2441 887 2468 eo
918 2428 1086 2480 pecunia
1115 2426 1274 2467 adiutos
1304 2439 1393 2466 esse
1433 2426 1669 2473 affirmaret,

251 2590 285 2624 1)
310 2589 330 2621 l.
356 2601 381 2621 c.
406 2591 436 2622 ll
461 2602 491 2632 p.
517 2593 588 2624 360.

250 2651 286 2690 2)
311 2650 330 2682 l.
355 2661 380 2683 c.
407 2652 453 2684 ΙΙΙ
478 2664 507 2694 p.
530 2655 601 2686 372.

1425 2751 1480 2788 3*
