1860 2936
1084 99 1104 114 U!

753 173 802 178 .-
909 147 961 190 38
1068 174 1116 180 -.-

167 250 305 291 verbis
336 250 418 297 ,καὶ
447 251 652 306 μετέμελε
681 255 791 292 πᾶσι.
811 255 893 292 τῶν
917 252 1256 308 ,τετολμημένωνι
1277 256 1321 305 (ξ
1343 252 1411 306 14)
1438 255 1549 296 latet.
1578 255 1678 303 Qus-⁴⁷

166 323 241 363 bus
270 323 405 364 verbis
432 324 614 364 homines
641 326 754 377 impii
788 326 930 377 poenis
967 338 1014 366 eo
1053 326 1220 367 adducti
1264 339 1353 367 esse
1391 328 1590 375 dicuntur,
1631 330 1676 367 ut

166 395 425 453 flagitiorum*
455 398 706 448 poenitentia
735 409 802 438 eos
830 397 1013 439 subierit.
1040 422 1042 424 ·
1067 399 1345 439 Poenitentiae
1388 399 1590 440 notionem
1628 402 1674 439 ut

166 469 388 508 concedam
416 480 442 508 a
478 473 661 510 veterum
703 469 945 519 religionum
983 473 1132 511 natura
1165 484 1246 512 non
1290 484 1456 524 prorsus
1496 472 1675 511 alienam·

165 540 305 588 fuisse,
333 541 432 580 adeo
462 543 599 581 tamen
627 541 724 582 haec
751 541 877 581 verba
904 554 954 581 ex
983 546 1071 583 tota
1097 543 1254 584 ratione
1281 544 1398 584 huius
1428 543 1579 594 dialogi
1606 544 1676 584 de-

165 613 354 653 labuntur
383 613 562 666 adeoque
592 625 617 653 a
643 614 793 655 satirae
830 619 976 654 natura
1013 615 1228 668 indoleque
1266 616 1508 665 abhorrent,
1552 620 1596 657 ut
1623 616 1673 655 ab

166 686 320 737 eodem,
348 686 416 738 qui
444 684 793 737 ,Necyomantiam
821 687 1042 739 scripserit,
1069 689 1254 739 profecta
1282 701 1329 729 ea
1359 701 1446 729 esse
1463 687 1561 729 mihi
1581 700 1676 740 per-

166 758 337 799 suadere
365 771 443 799 non
469 760 636 810 possim.

272 853 508 894 Certissima
533 852 856 905 interpolationis
886 854 1052 904 restigia
1079 866 1175 906 prae
1200 866 1243 895 se
1271 853 1429 901 ferunt;
1459 855 1544 894 eius
1566 854 1677 894 enim·

168 929 254 967 sine
284 926 405 966 dubio
434 930 550 974 sunt,
594 926 657 965 cui
685 927 763 977 ipsi
792 926 992 977 supplicia
1018 927 1074 966 ibi
1117 917 1496 979 descriptarevera
1523 926 1573 968 ab
1604 927 1672 965 ho-

166 999 344 1039 minibus
383 998 591 1038 sceleratis
633 997 740 1038 sumi
769 998 1123 1050 persuasissimum
1151 1000 1242 1039 fuit.
1296 999 1377 1039 Fac
1405 999 1529 1049 igitur
1569 998 1674 1039 chri-

168 1074 346 1127 stianum
375 1071 573 1123 quendam
602 1070 815 1110 librarium
842 1071 941 1111 haec
970 1071 1139 1120 legisse,
1175 1085 1272 1111 num
1300 1072 1533 1112 incredibile
1563 1072 1673 1112 vide-

166 1153 247 1195 tur,
277 1157 380 1194 eum,
424 1156 514 1184 cum
543 1143 686 1182 harum
727 1155 943 1195 poenarum
985 1144 1259 1196 descriptione
1298 1147 1408 1185 metu
1445 1149 1674 1196 terroreque

167 1222 377 1269 correptus
406 1220 534 1265 esset,
580 1216 666 1255 fieri
708 1228 788 1255 non
825 1227 944 1267 posse
987 1221 1133 1261 ratum,
1174 1217 1268 1268 quin
1306 1217 1398 1256 illos
1430 1228 1585 1268 quoque
1624 1230 1673 1256 ex

168 1289 378 1342 suppliciis
409 1288 607 1328 scelerum
636 1288 876 1340 poeniteret,
915 1287 1013 1327 haec
1043 1288 1167 1328 verba
1182 1288 1223 1328 in
1241 1289 1421 1339 margine
1449 1289 1673 1329 addidisse?

166 1364 273 1403 unde
302 1374 420 1414 quam
449 1361 567 1400 facile
595 1361 639 1400 in
666 1362 828 1400 textum·
852 1361 976 1411 recipi
1003 1362 1209 1411 potuerint
1236 1362 1277 1401 in
1304 1366 1495 1413 promptu
1523 1366 1596 1402 est.

271 1434 438 1475 Praeter
465 1432 728 1485 philosophos
758 1436 797 1473 et
825 1432 971 1473 divites
992 1432 1193 1473 Lucianus
1221 1434 1262 1473 in
1289 1435 1523 1474 transcursu
1552 1434 1673 1473 etiam

166 1508 482 1549 necromantiam
513 1506 632 1546 elusit
659 1508 699 1545 et
727 1509 876 1545 certum
917 1506 1129 1557 quendam,
1173 1519 1290 1559 quem
1321 1508 1505 1547 irrisione
1542 1507 1673 1547 incre-

165 1583 327 1634 pitaret‚
357 1580 480 1629 elegit
507 1581 547 1629 (ξ
575 1579 618 1631 6)
647 1577 1000 1618 Mithrobarzanes
1040 1579 1203 1631 quidem
1242 1592 1387 1619 nomen
1424 1580 1559 1619 fictum
1599 1582 1673 1625 est;

167 1654 257 1707 quis
286 1665 381 1693 vero
409 1651 704 1701 intellegendus
724 1651 789 1697 sit,
818 1651 1027 1702 praeclare
1049 1651 1114 1690 Fr.
1142 1651 1415 1698 Fritzchius1)
1453 1652 1674 1703 perspexit3

167 1726 338 1767 eundem
367 1725 475 1765 enim
503 1735 608 1773 esse,
635 1723 747 1763 cuius
775 1724 817 1762 in
845 1722 1138 1775 ‚Philopseude‘
1168 1723 1207 1774 (ξ
1228 1724 1294 1774 11)
1323 1725 1470 1763 mentio
1500 1723 1613 1762 fieret
1636 1726 1675 1761 et

167 1800 234 1852 qui
263 1809 288 1837 a
314 1796 533 1837 scholiaste
561 1795 630 1847 (ad
646 1794 824 1846 Philops.
854 1795 961 1844 §12)
991 1794 1169 1835 Iulianus
1198 1798 1317 1847 pater
1340 1807 1428 1835 esse
1456 1795 1672 1843 diceretur,

167 1868 473 1912 demonstravit.
530 1867 708 1907 Iulianus
738 1868 842 1907 enim
870 1870 988 1919 pater
1016 1871 1119 1907 teste
1148 1867 1274 1907 Suida
1287 1868 1320 1919 2)
1348 1867 1573 1908 Chaldaeus
1602 1879 1673 1918 ap-

166 1943 342 1996 pellatus
379 1945 461 1988 est,
504 1943 549 1980 ut
577 1951 601 1979 a
628 1939 708 1979 filio
753 1939 909 1979 Iuliano
952 1940 1171 1991 eodemque
1211 1952 1330 1989 mago
1370 1939 1608 1989 cognomine
1637 1937 1670 1978 ,ὁ

166 2015 416 2071 θεουργος“3)
449 2012 756 2053 discerneretur.
791 2012 902 2052 Idem
932 2024 1056 2052 senex
1077 2012 1293 2052 aLuciano
1322 2024 1411 2052 esse
1438 2011 1673 2063 perhibetur

167 2091 209 2141 (ξ
235 2091 260 2129 6
289 2086 436 2137 ,πολιῷ
464 2085 537 2140 μὲν
566 2083 642 2138 τὴν
672 2082 849 2138 urinarum
890 2086 1088 2137 quodcum
1117 2085 1243 2124 filium
1274 2085 1327 2125 M.
1361 2084 1565 2124 Antonino
1598 2084 1671 2123 im-

166 2171 355 2216 peratore
380 2160 563 2198 floruisse
583 2158 728 2198 Suidas
746 2157 899 2197 referat
912 2159 959 2204 ³),
987 2163 1099 2209 pater
1117 2170 1221 2218 anno
1242 2158 1318 2197 164
1334 2161 1524 2209 provecta
1541 2159 1673 2196 aetate

166 2236 289 2275 fuerit
321 2244 484 2272 necesse
514 2234 585 2270 est.
642 2230 783 2281 Itaque
817 2230 937 2269 etiam
971 2230 1066 2270 inde
1101 2232 1215 2281 patet
1243 2229 1601 2281 ‚Necyomantiam‘
1635 2231 1674 2267 et

253 2412 288 2451 1)
312 2410 349 2441 de
373 2407 602 2449 Necyomantia
627 2405 703 2438 dial.
727 2405 765 2437 L.
790 2396 939 2446 genuino.
962 2416 995 2446 p.
1019 2406 1050 2438 5.

251 2475 287 2514 2)
311 2482 337 2505 s.
362 2482 392 2503 v.
422 2470 615 2509 Ἰουλιανός·
638 2468 814 2508 Χαλδαῖος
848 2468 1043 2508 φιλὲσοφος
1076 2467 1184 2508 παπ-ἧς
1205 2474 1265 2502 τοῦ
1297 2468 1479 2510 κληθέντος
1502 2471 1671 2512 θεουργοῦ

166 2538 362 2570 Ἰουλιανοῦ.

252 2600 286 2638 3)
310 2606 336 2628 s.
361 2605 390 2627 v.
414 2594 605 2634 Ἰουλιανός·
632 2594 646 2626 ὂ
671 2598 730 2626 τοῦ
755 2591 1011 2638 προλεχθέντσς
1028 2584 1110 2632 μιῖιὸς
1134 2592 1188 2625 ἐπὶ
1216 2585 1368 2637 'Marenen
1393 2590 1589 2625 'Am-minoz>
1614 2596 1673 2625 τοῦ

167 2667 226 2696 roz
253 2657 418 2702 βασιλίως
442 2657 605 2700 γεγονώς.
