<?xml version="1.0" encoding="UTF-8"?>
<!DOCTYPE html PUBLIC "-//W3C//DTD XHTML 1.0 Transitional//EN"
    "http://www.w3.org/TR/xhtml1/DTD/xhtml1-transitional.dtd">
<html xmlns="http://www.w3.org/1999/xhtml" xml:lang="en" lang="en">
 <head>
  <title>
</title>
<meta http-equiv="Content-Type" content="text/html;charset=utf-8" />
  <meta name='ocr-system' content='tesseract 3.04.00' />
  <meta name='ocr-capabilities' content='ocr_page ocr_carea ocr_par ocr_line ocrx_word'/>
</head>
<body>
  <div class='ocr_page' id='page_1' title='image "4737226_0042.png"; bbox 0 0 1860 2936; ppageno 0'>
   <div class='ocr_carea' id='block_1_1' title="bbox 779 133 1144 176">
    <p class='ocr_par' dir='ltr' id='par_1_1' title="bbox 779 133 1144 176">
     <span class='ocr_line' id='line_1_1' title="bbox 779 133 1144 176; baseline 0.005 -13"><span class='ocrx_word' id='word_1_1' title='bbox 779 133 1144 176; x_wconf 56' lang='lat'><strong>„34-</strong></span> 
     </span>
    </p>
   </div>
   <div class='ocr_carea' id='block_1_2' title="bbox 207 234 1720 1897">
    <p class='ocr_par' dir='ltr' id='par_1_2' title="bbox 207 234 1717 723">
     <span class='ocr_line' id='line_1_2' title="bbox 208 234 1716 295; baseline 0.001 -15"><span class='ocrx_word' id='word_1_2' title='bbox 208 242 242 280; x_wconf 79' lang='grc' dir='ltr'><strong>εἰ</strong></span> <span class='ocrx_word' id='word_1_3' title='bbox 273 241 346 292; x_wconf 85' lang='grc' dir='ltr'><strong>τῆς</strong></span> <span class='ocrx_word' id='word_1_4' title='bbox 372 234 606 293; x_wconf 73' lang='grc' dir='ltr'><strong><em>ἀφροσύνης</em></strong></span> <span class='ocrx_word' id='word_1_5' title='bbox 644 236 903 292; x_wconf 78' lang='grc' dir='ltr'><em>παυσάμενος</em></span> <span class='ocrx_word' id='word_1_6' title='bbox 929 239 1006 280; x_wconf 77' lang='grc' dir='ltr'><strong>τοῦ</strong></span> <span class='ocrx_word' id='word_1_7' title='bbox 1033 239 1359 295; x_wconf 74' lang='grc' dir='ltr'>μετεωρολογεῖν</span> <span class='ocrx_word' id='word_1_8' title='bbox 1389 239 1457 281; x_wconf 73' lang='grc' dir='ltr'><strong>καὶ</strong></span> <span class='ocrx_word' id='word_1_9' title='bbox 1503 240 1603 295; x_wconf 68' lang='grc' dir='ltr'><strong>τέλη</strong></span> <span class='ocrx_word' id='word_1_10' title='bbox 1647 241 1716 282; x_wconf 75' lang='grc' dir='ltr'><strong>καὶ</strong></span> 
     </span>
     <span class='ocr_line' id='line_1_3' title="bbox 207 307 1716 369; baseline 0.001 -16"><span class='ocrx_word' id='word_1_11' title='bbox 207 311 343 368; x_wconf 71' lang='grc' dir='ltr'>ἀρχὰς</span> <span class='ocrx_word' id='word_1_12' title='bbox 371 311 606 352; x_wconf 80' lang='grc' dir='ltr'>ἐπισκοπεῖν</span> <span class='ocrx_word' id='word_1_13' title='bbox 636 307 908 360; x_wconf 80' lang='grc' dir='ltr'>καταπτύσας</span> <span class='ocrx_word' id='word_1_14' title='bbox 927 314 1017 352; x_wconf 81' lang='grc' dir='ltr'>’τῶν</span> <span class='ocrx_word' id='word_1_15' title='bbox 1061 313 1202 363; x_wconf 78' lang='grc' dir='ltr'>σοφῶν</span> <span class='ocrx_word' id='word_1_16' title='bbox 1232 309 1394 354; x_wconf 78' lang='grc' dir='ltr'>τούτων</span> <span class='ocrx_word' id='word_1_17' title='bbox 1423 312 1716 369; x_wconf 78' lang='grc' dir='ltr'>συλλογισμῶν</span> 
     </span>
     <span class='ocr_line' id='line_1_4' title="bbox 207 382 1716 441; baseline 0.002 -17"><span class='ocrx_word' id='word_1_18' title='bbox 207 385 276 425; x_wconf 75' lang='grc' dir='ltr'><strong>καὶ</strong></span> <span class='ocrx_word' id='word_1_19' title='bbox 305 384 360 426; x_wconf 81' lang='grc' dir='ltr'><strong>τὰ</strong></span> <span class='ocrx_word' id='word_1_20' title='bbox 388 384 559 424; x_wconf 80' lang='grc' dir='ltr'>τααῢτα</span> <span class='ocrx_word' id='word_1_21' title='bbox 598 382 729 437; x_wconf 80' lang='grc' dir='ltr'>λῆγον</span> <span class='ocrx_word' id='word_1_22' title='bbox 757 382 1015 439; x_wconf 68' lang='grc' dir='ltr'>ἡγησάμενος</span> <span class='ocrx_word' id='word_1_23' title='bbox 1042 385 1169 426; x_wconf 76' lang='grc' dir='ltr'>τοῦτο</span> <span class='ocrx_word' id='word_1_24' title='bbox 1188 384 1324 440; x_wconf 77' lang='grc' dir='ltr'>μόνον</span> <span class='ocrx_word' id='word_1_25' title='bbox 1354 385 1400 436; x_wconf 73' lang='grc' dir='ltr'><strong>ἐξ</strong></span> <span class='ocrx_word' id='word_1_26' title='bbox 1428 384 1613 435; x_wconf 70' lang='grc' dir='ltr'><strong>ἅπαντος</strong></span> <span class='ocrx_word' id='word_1_27' title='bbox 1636 390 1716 441; x_wconf 64' lang='grc' dir='ltr'><strong>βη-</strong></span> 
     </span>
     <span class='ocr_line' id='line_1_5' title="bbox 209 449 1715 513; baseline 0.001 -16"><span class='ocrx_word' id='word_1_28' title='bbox 209 455 322 513; x_wconf 56' lang='lat' dir='ltr'><strong>prium,</strong></span> <span class='ocrx_word' id='word_1_29' title='bbox 351 454 462 505; x_wconf 75' lang='grc' dir='ltr'>ὅπως</span> <span class='ocrx_word' id='word_1_30' title='bbox 488 454 537 497; x_wconf 84' lang='grc' dir='ltr'><strong>τὸ</strong></span> <span class='ocrx_word' id='word_1_31' title='bbox 574 454 705 511; x_wconf 75' lang='grc' dir='ltr'>παρὸν</span> <span class='ocrx_word' id='word_1_32' title='bbox 735 449 778 496; x_wconf 73' lang='grc' dir='ltr'><strong>εὖ</strong></span> <span class='ocrx_word' id='word_1_33' title='bbox 806 455 979 510; x_wconf 77' lang='grc' dir='ltr'>θέμενος</span> <span class='ocrx_word' id='word_1_34' title='bbox 1018 456 1286 513; x_wconf 63' lang='grc' dir='ltr'><strong>παραδράμῃς</strong></span> <span class='ocrx_word' id='word_1_35' title='bbox 1312 457 1443 511; x_wconf 81' lang='grc' dir='ltr'>γελῶν</span> <span class='ocrx_word' id='word_1_36' title='bbox 1481 458 1538 499; x_wconf 67' lang='lat' dir='ltr'><strong>ro?</strong></span> <span class='ocrx_word' id='word_1_37' title='bbox 1575 457 1715 502; x_wconf 72' lang='grc' dir='ltr'>πολλὰ</span> 
     </span>
     <span class='ocr_line' id='line_1_6' title="bbox 208 526 1716 585; baseline 0.001 -15"><span class='ocrx_word' id='word_1_38' title='bbox 208 527 400 584; x_wconf 71' lang='grc' dir='ltr'><strong>καὶπερὶ</strong></span> <span class='ocrx_word' id='word_1_39' title='bbox 428 528 553 583; x_wconf 77' lang='grc' dir='ltr'>μηδὲν</span> <span class='ocrx_word' id='word_1_40' title='bbox 585 526 844 577; x_wconf 78' lang='grc' dir='ltr'><strong>ἐσπουδακὼς</strong></span> <span class='ocrx_word' id='word_1_41' title='bbox 870 529 913 582; x_wconf 67' lang='grc' dir='ltr'><strong>(ἓ</strong></span> <span class='ocrx_word' id='word_1_42' title='bbox 940 531 1025 580; x_wconf 86' lang='grc'>21).</span> <span class='ocrx_word' id='word_1_43' title='bbox 1077 530 1160 570; x_wconf 91' lang='lat' dir='ltr'><strong>Iam</strong></span> <span class='ocrx_word' id='word_1_44' title='bbox 1189 544 1237 571; x_wconf 87' lang='lat' dir='ltr'><strong>ex</strong></span> <span class='ocrx_word' id='word_1_45' title='bbox 1266 530 1343 578; x_wconf 91' lang='lat' dir='ltr'><strong>his,</strong></span> <span class='ocrx_word' id='word_1_46' title='bbox 1370 543 1473 584; x_wconf 86' lang='lat' dir='ltr'><strong>quae</strong></span> <span class='ocrx_word' id='word_1_47' title='bbox 1491 532 1716 585; x_wconf 74' lang='lat' dir='ltr'><strong>disputavi-</strong></span> 
     </span>
     <span class='ocr_line' id='line_1_7' title="bbox 208 602 1717 656; baseline 0 -12"><span class='ocrx_word' id='word_1_48' title='bbox 208 615 312 650; x_wconf 85' lang='lat' dir='ltr'><strong>mus,</strong></span> <span class='ocrx_word' id='word_1_49' title='bbox 338 603 569 656; x_wconf 87' lang='lat' dir='ltr'><strong>perspicum</strong></span> <span class='ocrx_word' id='word_1_50' title='bbox 597 606 683 652; x_wconf 90' lang='lat' dir='ltr'><strong>est,</strong></span> <span class='ocrx_word' id='word_1_51' title='bbox 711 602 872 652; x_wconf 84' lang='lat' dir='ltr'>dialogo</span> <span class='ocrx_word' id='word_1_52' title='bbox 901 615 978 642; x_wconf 91' lang='lat' dir='ltr'><strong>non</strong></span> <span class='ocrx_word' id='word_1_53' title='bbox 1008 603 1172 650; x_wconf 84' lang='lat' dir='ltr'><strong>deesse,</strong></span> <span class='ocrx_word' id='word_1_54' title='bbox 1202 616 1279 656; x_wconf 87' lang='lat' dir='ltr'><strong>quo</strong></span> <span class='ocrx_word' id='word_1_55' title='bbox 1311 604 1595 653; x_wconf 57' lang='lat' dir='ltr'><strong>contine-atum</strong></span> <span class='ocrx_word' id='word_1_56' title='bbox 1624 604 1717 644; x_wconf 84' lang='lat' dir='ltr'><strong>finis</strong></span> 
     </span>
     <span class='ocr_line' id='line_1_8' title="bbox 209 674 1199 723; baseline -0.002 -6"><span class='ocrx_word' id='word_1_57' title='bbox 209 677 318 717; x_wconf 89' lang='lat' dir='ltr'><strong>enim</strong></span> <span class='ocrx_word' id='word_1_58' title='bbox 347 675 491 716; x_wconf 89' lang='lat' dir='ltr'><strong>eodem</strong></span> <span class='ocrx_word' id='word_1_59' title='bbox 519 674 639 723; x_wconf 76' lang='lat' dir='ltr'><strong>redit,</strong></span> <span class='ocrx_word' id='word_1_60' title='bbox 666 675 772 715; x_wconf 91' lang='lat' dir='ltr'><strong>unde</strong></span> <span class='ocrx_word' id='word_1_61' title='bbox 798 674 899 714; x_wconf 88' lang='lat' dir='ltr'><strong>liber</strong></span> <span class='ocrx_word' id='word_1_62' title='bbox 928 687 1096 716; x_wconf 87' lang='lat' dir='ltr'><strong>exorsus</strong></span> <span class='ocrx_word' id='word_1_63' title='bbox 1125 678 1199 715; x_wconf 91' lang='lat' dir='ltr'><strong>est.</strong></span> 
     </span>
    </p>

    <p class='ocr_par' dir='ltr' id='par_1_3' title="bbox 207 747 1717 1311">
     <span class='ocr_line' id='line_1_9' title="bbox 314 747 1717 800; baseline 0 -12"><span class='ocrx_word' id='word_1_64' title='bbox 314 747 417 788; x_wconf 91' lang='lat' dir='ltr'><strong>Illud</strong></span> <span class='ocrx_word' id='word_1_65' title='bbox 443 759 539 793; x_wconf 82' lang='lat' dir='ltr'><strong>vero</strong></span> <span class='ocrx_word' id='word_1_66' title='bbox 567 748 743 787; x_wconf 81' lang='lat' dir='ltr'><strong>Tiresiae</strong></span> <span class='ocrx_word' id='word_1_67' title='bbox 770 759 1009 799; x_wconf 91' lang='lat' dir='ltr'><strong>responsum</strong></span> <span class='ocrx_word' id='word_1_68' title='bbox 1038 751 1283 800; x_wconf 81' lang='lat' dir='ltr'>quantopere</span> <span class='ocrx_word' id='word_1_69' title='bbox 1312 760 1399 788; x_wconf 84' lang='lat' dir='ltr'><strong>cum</strong></span> <span class='ocrx_word' id='word_1_70' title='bbox 1429 752 1520 788; x_wconf 86' lang='lat' dir='ltr'><strong>tota</strong></span> <span class='ocrx_word' id='word_1_71' title='bbox 1548 749 1717 790; x_wconf 85' lang='lat' dir='ltr'><strong>Luciani</strong></span> 
     </span>
     <span class='ocr_line' id='line_1_10' title="bbox 208 804 1715 874; baseline 0 -13"><span class='ocrx_word' id='word_1_72' title='bbox 208 821 344 862; x_wconf 90' lang='lat' dir='ltr'><strong>indole</strong></span> <span class='ocrx_word' id='word_1_73' title='bbox 375 820 545 872; x_wconf 86' lang='lat' dir='ltr'><strong>aliisque</strong></span> <span class='ocrx_word' id='word_1_74' title='bbox 575 804 727 860; x_wconf 81' lang='lat' dir='ltr'><strong>dehac</strong></span> <span class='ocrx_word' id='word_1_75' title='bbox 754 833 798 861; x_wconf 82' lang='lat' dir='ltr'><strong>re</strong></span> <span class='ocrx_word' id='word_1_76' title='bbox 814 821 934 861; x_wconf 86' lang='lat' dir='ltr'><strong>dictis</strong></span> <span class='ocrx_word' id='word_1_77' title='bbox 953 821 1177 867; x_wconf 88' lang='lat' dir='ltr'><strong>conveniat,</strong></span> <span class='ocrx_word' id='word_1_78' title='bbox 1206 822 1405 861; x_wconf 89' lang='lat' dir='ltr'><strong>neminem</strong></span> <span class='ocrx_word' id='word_1_79' title='bbox 1420 822 1715 874; x_wconf 84' lang='lat' dir='ltr'><strong>fugerepotest.</strong></span> 
     </span>
     <span class='ocr_line' id='line_1_11' title="bbox 208 892 1716 946; baseline 0 -12"><span class='ocrx_word' id='word_1_80' title='bbox 208 894 253 934; x_wconf 91' lang='lat' dir='ltr'><strong>In</strong></span> <span class='ocrx_word' id='word_1_81' title='bbox 280 894 546 941; x_wconf 76' lang='lat' dir='ltr'>Hermotimo,</span> <span class='ocrx_word' id='word_1_82' title='bbox 573 892 641 932; x_wconf 90' lang='lat' dir='ltr'><strong>ubi</strong></span> <span class='ocrx_word' id='word_1_83' title='bbox 669 893 791 933; x_wconf 87' lang='lat' dir='ltr'><strong>vitam</strong></span> <span class='ocrx_word' id='word_1_84' title='bbox 822 893 1003 943; x_wconf 87' lang='lat' dir='ltr'><strong>brevem,</strong></span> <span class='ocrx_word' id='word_1_85' title='bbox 1030 892 1190 943; x_wconf 85' lang='lat' dir='ltr'><strong>longam</strong></span> <span class='ocrx_word' id='word_1_86' title='bbox 1220 897 1346 933; x_wconf 89' lang='lat' dir='ltr'><strong>artem</strong></span> <span class='ocrx_word' id='word_1_87' title='bbox 1389 906 1477 934; x_wconf 91' lang='lat' dir='ltr'><strong>esse</strong></span> <span class='ocrx_word' id='word_1_88' title='bbox 1519 894 1595 934; x_wconf 88' lang='lat' dir='ltr'><strong>sibi</strong></span> <span class='ocrx_word' id='word_1_89' title='bbox 1625 907 1716 946; x_wconf 88' lang='lat' dir='ltr'><strong>per-</strong></span> 
     </span>
     <span class='ocr_line' id='line_1_12' title="bbox 209 964 1715 1019; baseline -0.001 -12"><span class='ocrx_word' id='word_1_90' title='bbox 209 968 351 1014; x_wconf 81' lang='lat' dir='ltr'><strong>suasit,</strong></span> <span class='ocrx_word' id='word_1_91' title='bbox 378 966 571 1006; x_wconf 80' lang='lat' dir='ltr'><strong>virtutem</strong></span> <span class='ocrx_word' id='word_1_92' title='bbox 599 965 719 1005; x_wconf 86' lang='lat' dir='ltr'><strong>factis</strong></span> <span class='ocrx_word' id='word_1_93' title='bbox 748 967 856 1006; x_wconf 87' lang='lat' dir='ltr'><strong>cerni</strong></span> <span class='ocrx_word' id='word_1_94' title='bbox 885 964 1216 1018; x_wconf 83' lang='lat' dir='ltr'><strong>probandamque</strong></span> <span class='ocrx_word' id='word_1_95' title='bbox 1246 978 1334 1006; x_wconf 88' lang='lat' dir='ltr'><strong>esse</strong></span> <span class='ocrx_word' id='word_1_96' title='bbox 1363 966 1466 1007; x_wconf 84' lang='lat' dir='ltr'><strong>dixit</strong></span> <span class='ocrx_word' id='word_1_97' title='bbox 1479 967 1526 1018; x_wconf 86' lang='lat'><strong>²).</strong></span> <span class='ocrx_word' id='word_1_98' title='bbox 1582 967 1715 1019; x_wconf 80' lang='lat' dir='ltr'><strong>Atque</strong></span> 
     </span>
     <span class='ocr_line' id='line_1_13' title="bbox 207 1031 1715 1090; baseline -0.002 -11"><span class='ocrx_word' id='word_1_99' title='bbox 207 1040 314 1079; x_wconf 81' lang='lat' dir='ltr'><strong>idem</strong></span> <span class='ocrx_word' id='word_1_100' title='bbox 342 1039 384 1078; x_wconf 90' lang='lat' dir='ltr'><strong>in</strong></span> <span class='ocrx_word' id='word_1_101' title='bbox 418 1038 591 1088; x_wconf 82' lang='lat' dir='ltr'><strong>Navigio</strong></span> <span class='ocrx_word' id='word_1_102' title='bbox 635 1039 799 1077; x_wconf 80' lang='lat' dir='ltr'><strong>statuit:</strong></span> <span class='ocrx_word' id='word_1_103' title='bbox 842 1036 896 1081; x_wconf 74' lang='grc' dir='ltr'><strong>,ἐν</strong></span> <span class='ocrx_word' id='word_1_104' title='bbox 925 1034 1008 1088; x_wconf 77' lang='grc' dir='ltr'><strong>ὅσῳ</strong></span> <span class='ocrx_word' id='word_1_105' title='bbox 1039 1037 1081 1076; x_wconf 79' lang='grc' dir='ltr'><strong>δὲ</strong></span> <span class='ocrx_word' id='word_1_106' title='bbox 1116 1037 1237 1077; x_wconf 78' lang='grc' dir='ltr'>ταῦτ’</span> <span class='ocrx_word' id='word_1_107' title='bbox 1274 1037 1444 1090; x_wconf 73' lang='grc' dir='ltr'>ἐγένετο,</span> <span class='ocrx_word' id='word_1_108' title='bbox 1482 1037 1654 1077; x_wconf 76' lang='grc' dir='ltr'><strong>ποικίλα</strong></span> <span class='ocrx_word' id='word_1_109' title='bbox 1684 1031 1715 1077; x_wconf 73' lang='grc' dir='ltr'><em>ὦ</em></span> 
     </span>
     <span class='ocr_line' id='line_1_14' title="bbox 209 1106 1717 1165; baseline -0.001 -15"><span class='ocrx_word' id='word_1_110' title='bbox 209 1110 347 1150; x_wconf 85' lang='grc' dir='ltr'>Φίλων</span> <span class='ocrx_word' id='word_1_111' title='bbox 378 1108 457 1162; x_wconf 79' lang='grc' dir='ltr'><strong>ἐγὼ</strong></span> <span class='ocrx_word' id='word_1_112' title='bbox 476 1106 574 1164; x_wconf 74' lang='grc' dir='ltr'><strong>πρὸς</strong></span> <span class='ocrx_word' id='word_1_113' title='bbox 604 1107 784 1165; x_wconf 76' lang='grc' dir='ltr'><strong>ἐμαυτὸν</strong></span> <span class='ocrx_word' id='word_1_114' title='bbox 814 1107 1008 1153; x_wconf 79' lang='grc' dir='ltr'>ἐνενόουν,</span> <span class='ocrx_word' id='word_1_115' title='bbox 1038 1107 1087 1149; x_wconf 82' lang='grc' dir='ltr'><strong>τὸ</strong></span> <span class='ocrx_word' id='word_1_116' title='bbox 1109 1109 1333 1164; x_wconf 73' lang='grc' dir='ltr'>πρόχειρον</span> <span class='ocrx_word' id='word_1_117' title='bbox 1362 1109 1503 1157; x_wconf 74' lang='grc' dir='ltr'>ἐκεῖνο,</span> <span class='ocrx_word' id='word_1_118' title='bbox 1536 1107 1585 1158; x_wconf 78' lang='grc' dir='ltr'><strong>ὡς</strong></span> <span class='ocrx_word' id='word_1_119' title='bbox 1603 1106 1717 1150; x_wconf 70' lang='grc' dir='ltr'>οὐδὲν</span> 
     </span>
     <span class='ocr_line' id='line_1_15' title="bbox 209 1175 1717 1237; baseline 0 -15"><span class='ocrx_word' id='word_1_120' title='bbox 209 1180 368 1234; x_wconf 70' lang='grc' dir='ltr'>ὄφελος</span> <span class='ocrx_word' id='word_1_121' title='bbox 394 1175 442 1236; x_wconf 75' lang='grc' dir='ltr'><strong>ἧν</strong></span> <span class='ocrx_word' id='word_1_122' title='bbox 472 1178 553 1236; x_wconf 71' lang='grc' dir='ltr'><strong>ἄρα</strong></span> <span class='ocrx_word' id='word_1_123' title='bbox 584 1179 837 1221; x_wconf 76' lang='grc' dir='ltr'><strong>ἐπίστασθαι</strong></span> <span class='ocrx_word' id='word_1_124' title='bbox 879 1179 934 1220; x_wconf 76' lang='grc' dir='ltr'><strong>τὰ</strong></span> <span class='ocrx_word' id='word_1_125' title='bbox 974 1182 1232 1236; x_wconf 73' lang='grc' dir='ltr'><strong>μαθήματα,</strong></span> <span class='ocrx_word' id='word_1_126' title='bbox 1277 1183 1312 1221; x_wconf 83' lang='grc' dir='ltr'><strong>εἰ</strong></span> <span class='ocrx_word' id='word_1_127' title='bbox 1336 1184 1395 1237; x_wconf 85' lang='grc' dir='ltr'><strong>μή</strong></span> <span class='ocrx_word' id='word_1_128' title='bbox 1437 1197 1498 1230; x_wconf 83' lang='grc' dir='ltr'><strong>τις</strong></span> <span class='ocrx_word' id='word_1_129' title='bbox 1536 1180 1603 1221; x_wconf 72' lang='grc' dir='ltr'><strong>καὶ</strong></span> <span class='ocrx_word' id='word_1_130' title='bbox 1644 1180 1717 1222; x_wconf 82' lang='grc' dir='ltr'><strong>τὸν</strong></span> 
     </span>
     <span class='ocr_line' id='line_1_16' title="bbox 207 1251 1086 1311; baseline -0.001 -17"><span class='ocrx_word' id='word_1_131' title='bbox 207 1255 302 1304; x_wconf 80' lang='grc' dir='ltr'>βίον</span> <span class='ocrx_word' id='word_1_132' title='bbox 332 1251 628 1311; x_wconf 72' lang='grc' dir='ltr'><strong>ῥυθμίζοιπρὸς</strong></span> <span class='ocrx_word' id='word_1_133' title='bbox 655 1251 703 1294; x_wconf 85' lang='grc' dir='ltr'><strong>τὸ</strong></span> <span class='ocrx_word' id='word_1_134' title='bbox 730 1252 904 1303; x_wconf 82' lang='grc' dir='ltr'>βέλτιον</span> <span class='ocrx_word' id='word_1_135' title='bbox 933 1256 977 1304; x_wconf 65' lang='grc' dir='ltr'><strong>(ξ</strong></span> <span class='ocrx_word' id='word_1_136' title='bbox 1004 1255 1086 1304; x_wconf 89' lang='lat'>34).</span> 
     </span>
    </p>

    <p class='ocr_par' dir='ltr' id='par_1_4' title="bbox 210 1338 1720 1897">
     <span class='ocr_line' id='line_1_17' title="bbox 316 1338 1719 1390; baseline -0.001 -11"><span class='ocrx_word' id='word_1_137' title='bbox 316 1339 443 1387; x_wconf 87' lang='lat' dir='ltr'><strong>Quem</strong></span> <span class='ocrx_word' id='word_1_138' title='bbox 470 1339 590 1379; x_wconf 91' lang='lat' dir='ltr'><strong>modo</strong></span> <span class='ocrx_word' id='word_1_139' title='bbox 619 1350 708 1379; x_wconf 91' lang='lat' dir='ltr'><strong>esse</strong></span> <span class='ocrx_word' id='word_1_140' title='bbox 737 1338 779 1378; x_wconf 93' lang='lat' dir='ltr'><strong>in</strong></span> <span class='ocrx_word' id='word_1_141' title='bbox 806 1338 1102 1390; x_wconf 81' lang='lat' dir='ltr'><strong>Necyomantia</strong></span> <span class='ocrx_word' id='word_1_142' title='bbox 1128 1339 1419 1379; x_wconf 87' lang='lat' dir='ltr'><strong>sententiarum</strong></span> <span class='ocrx_word' id='word_1_143' title='bbox 1447 1351 1610 1389; x_wconf 82' lang='lat' dir='ltr'><strong>nexum,</strong></span> <span class='ocrx_word' id='word_1_144' title='bbox 1638 1351 1719 1379; x_wconf 90' lang='lat' dir='ltr'><strong>non</strong></span> 
     </span>
     <span class='ocr_line' id='line_1_18' title="bbox 210 1410 1716 1465; baseline -0.001 -13"><span class='ocrx_word' id='word_1_145' title='bbox 210 1414 269 1452; x_wconf 90' lang='lat' dir='ltr'><strong>ita</strong></span> <span class='ocrx_word' id='word_1_146' title='bbox 300 1413 459 1465; x_wconf 89' lang='lat' dir='ltr'><strong>quidem</strong></span> <span class='ocrx_word' id='word_1_147' title='bbox 474 1411 677 1452; x_wconf 85' lang='lat' dir='ltr'><strong>Lucianus</strong></span> <span class='ocrx_word' id='word_1_148' title='bbox 705 1423 776 1464; x_wconf 87' lang='lat' dir='ltr'><strong>per</strong></span> <span class='ocrx_word' id='word_1_149' title='bbox 802 1413 929 1451; x_wconf 90' lang='lat' dir='ltr'><strong>totum</strong></span> <span class='ocrx_word' id='word_1_150' title='bbox 961 1410 1166 1461; x_wconf 85' lang='lat' dir='ltr'><strong>dialogum</strong></span> <span class='ocrx_word' id='word_1_151' title='bbox 1182 1412 1361 1460; x_wconf 90' lang='lat' dir='ltr'><strong>retinuit,</strong></span> <span class='ocrx_word' id='word_1_152' title='bbox 1389 1416 1433 1452; x_wconf 91' lang='lat' dir='ltr'><strong>ut</strong></span> <span class='ocrx_word' id='word_1_153' title='bbox 1455 1411 1716 1464; x_wconf 82' lang='lat' dir='ltr'><strong>philosophos</strong></span> 
     </span>
     <span class='ocr_line' id='line_1_19' title="bbox 210 1483 1718 1544; baseline -0.003 -19"><span class='ocrx_word' id='word_1_154' title='bbox 210 1485 317 1526; x_wconf 91' lang='lat' dir='ltr'><strong>solos</strong></span> <span class='ocrx_word' id='word_1_155' title='bbox 344 1485 555 1531; x_wconf 87' lang='lat' dir='ltr'><strong>irrideret;</strong></span> <span class='ocrx_word' id='word_1_156' title='bbox 597 1484 668 1524; x_wconf 88' lang='lat' dir='ltr'><strong>sed</strong></span> <span class='ocrx_word' id='word_1_157' title='bbox 695 1484 738 1523; x_wconf 90' lang='lat' dir='ltr'><strong>in</strong></span> <span class='ocrx_word' id='word_1_158' title='bbox 766 1483 867 1523; x_wconf 90' lang='lat' dir='ltr'><strong>alios</strong></span> <span class='ocrx_word' id='word_1_159' title='bbox 897 1496 1054 1544; x_wconf 83' lang='lat' dir='ltr'><strong>quoque</strong></span> <span class='ocrx_word' id='word_1_160' title='bbox 1081 1484 1261 1524; x_wconf 77' lang='lat' dir='ltr'><strong>homiues</strong></span> <span class='ocrx_word' id='word_1_161' title='bbox 1288 1485 1470 1524; x_wconf 87' lang='lat' dir='ltr'><strong>invectus</strong></span> <span class='ocrx_word' id='word_1_162' title='bbox 1499 1487 1574 1524; x_wconf 88' lang='lat' dir='ltr'><strong>est.</strong></span> <span class='ocrx_word' id='word_1_163' title='bbox 1629 1484 1718 1524; x_wconf 84' lang='lat' dir='ltr'><strong>Pri.-</strong></span> 
     </span>
     <span class='ocr_line' id='line_1_20' title="bbox 210 1555 1718 1609; baseline -0.001 -12"><span class='ocrx_word' id='word_1_164' title='bbox 210 1570 320 1597; x_wconf 90' lang='lat' dir='ltr'><strong>mum</strong></span> <span class='ocrx_word' id='word_1_165' title='bbox 352 1557 515 1609; x_wconf 89' lang='lat' dir='ltr'><strong>quidem</strong></span> <span class='ocrx_word' id='word_1_166' title='bbox 545 1568 613 1606; x_wconf 87' lang='lat' dir='ltr'><strong>ea,</strong></span> <span class='ocrx_word' id='word_1_167' title='bbox 642 1567 743 1608; x_wconf 86' lang='lat' dir='ltr'><strong>quae</strong></span> <span class='ocrx_word' id='word_1_168' title='bbox 771 1555 1005 1608; x_wconf 90' lang='lat' dir='ltr'><strong>Menippus,</strong></span> <span class='ocrx_word' id='word_1_169' title='bbox 1043 1568 1131 1595; x_wconf 92' lang='lat' dir='ltr'><strong>cum</strong></span> <span class='ocrx_word' id='word_1_170' title='bbox 1168 1555 1428 1608; x_wconf 89' lang='lat' dir='ltr'><strong>philosophos</strong></span> <span class='ocrx_word' id='word_1_171' title='bbox 1470 1558 1718 1609; x_wconf 79' lang='lat' dir='ltr'><strong>perstringit,</strong></span> 
     </span>
     <span class='ocr_line' id='line_1_21' title="bbox 212 1629 1718 1680; baseline -0.001 -10"><span class='ocrx_word' id='word_1_172' title='bbox 212 1632 333 1680; x_wconf 89' lang='lat' dir='ltr'><strong>dicit,</strong></span> <span class='ocrx_word' id='word_1_173' title='bbox 364 1632 413 1670; x_wconf 93' lang='lat' dir='ltr'><strong>de</strong></span> <span class='ocrx_word' id='word_1_174' title='bbox 438 1642 573 1669; x_wconf 89' lang='lat' dir='ltr'><strong>rerum</strong></span> <span class='ocrx_word' id='word_1_175' title='bbox 601 1632 747 1668; x_wconf 87' lang='lat' dir='ltr'><strong>natura</strong></span> <span class='ocrx_word' id='word_1_176' title='bbox 777 1629 940 1668; x_wconf 89' lang='lat' dir='ltr'><strong>minime</strong></span> <span class='ocrx_word' id='word_1_177' title='bbox 970 1629 1134 1678; x_wconf 87' lang='lat' dir='ltr'><strong>eadem,</strong></span> <span class='ocrx_word' id='word_1_178' title='bbox 1175 1630 1244 1668; x_wconf 89' lang='lat' dir='ltr'><strong>sed</strong></span> <span class='ocrx_word' id='word_1_179' title='bbox 1272 1629 1389 1680; x_wconf 90' lang='lat' dir='ltr'><strong>plane</strong></span> <span class='ocrx_word' id='word_1_180' title='bbox 1418 1630 1622 1669; x_wconf 87' lang='lat' dir='ltr'><strong>contraria</strong></span> <span class='ocrx_word' id='word_1_181' title='bbox 1648 1641 1718 1669; x_wconf 86' lang='lat' dir='ltr'><strong>eos</strong></span> 
     </span>
     <span class='ocr_line' id='line_1_22' title="bbox 211 1700 1720 1754; baseline -0.001 -12"><span class='ocrx_word' id='word_1_182' title='bbox 211 1703 356 1742; x_wconf 83' lang='lat' dir='ltr'><strong>docere</strong></span> <span class='ocrx_word' id='word_1_183' title='bbox 371 1703 416 1753; x_wconf 75' lang='lat'><strong>²),</strong></span> <span class='ocrx_word' id='word_1_184' title='bbox 445 1713 684 1754; x_wconf 86' lang='lat' dir='ltr'><strong>quamquam</strong></span> <span class='ocrx_word' id='word_1_185' title='bbox 714 1700 767 1739; x_wconf 84' lang='lat' dir='ltr'><strong>ad</strong></span> <span class='ocrx_word' id='word_1_186' title='bbox 796 1702 1069 1752; x_wconf 88' lang='lat' dir='ltr'><strong>quaestionem</strong></span> <span class='ocrx_word' id='word_1_187' title='bbox 1098 1702 1147 1741; x_wconf 92' lang='lat' dir='ltr'><strong>de</strong></span> <span class='ocrx_word' id='word_1_188' title='bbox 1176 1702 1260 1740; x_wconf 88' lang='lat' dir='ltr'><strong>vita</strong></span> <span class='ocrx_word' id='word_1_189' title='bbox 1288 1700 1403 1740; x_wconf 87' lang='lat' dir='ltr'><strong>beate</strong></span> <span class='ocrx_word' id='word_1_190' title='bbox 1419 1705 1567 1741; x_wconf 88' lang='lat' dir='ltr'><strong>motam</strong></span> <span class='ocrx_word' id='word_1_191' title='bbox 1586 1702 1720 1741; x_wconf 88' lang='lat' dir='ltr'><strong>minus</strong></span> 
     </span>
     <span class='ocr_line' id='line_1_23' title="bbox 213 1774 1717 1828; baseline -0.001 -13"><span class='ocrx_word' id='word_1_192' title='bbox 213 1777 413 1828; x_wconf 88' lang='lat' dir='ltr'><strong>spectant,</strong></span> <span class='ocrx_word' id='word_1_193' title='bbox 443 1774 686 1825; x_wconf 86' lang='lat' dir='ltr'><strong>interposita</strong></span> <span class='ocrx_word' id='word_1_194' title='bbox 712 1775 851 1813; x_wconf 85' lang='lat' dir='ltr'><strong>tamen</strong></span> <span class='ocrx_word' id='word_1_195' title='bbox 878 1774 1076 1823; x_wconf 89' lang='lat' dir='ltr'><strong>videntur,</strong></span> <span class='ocrx_word' id='word_1_196' title='bbox 1105 1776 1150 1813; x_wconf 90' lang='lat' dir='ltr'><strong>ut</strong></span> <span class='ocrx_word' id='word_1_197' title='bbox 1179 1774 1481 1825; x_wconf 83' lang='lat' dir='ltr'><strong>opprobriorum</strong></span> <span class='ocrx_word' id='word_1_198' title='bbox 1513 1775 1571 1813; x_wconf 90' lang='lat' dir='ltr'><strong>eis</strong></span> <span class='ocrx_word' id='word_1_199' title='bbox 1590 1774 1717 1814; x_wconf 87' lang='lat' dir='ltr'><strong>facto—</strong></span> 
     </span>
     <span class='ocr_line' id='line_1_24' title="bbox 211 1847 649 1897; baseline -0.002 -10"><span class='ocrx_word' id='word_1_200' title='bbox 211 1860 303 1887; x_wconf 89' lang='lat' dir='ltr'><strong>rum</strong></span> <span class='ocrx_word' id='word_1_201' title='bbox 332 1847 394 1887; x_wconf 90' lang='lat' dir='ltr'><strong>vis</strong></span> <span class='ocrx_word' id='word_1_202' title='bbox 423 1850 649 1897; x_wconf 85' lang='lat' dir='ltr'><strong>augeretur.</strong></span> 
     </span>
    </p>
   </div>
   <div class='ocr_carea' id='block_1_3' title="bbox 212 1929 1723 2492">
    <p class='ocr_par' dir='ltr' id='par_1_5' title="bbox 212 1929 1723 2492">
     <span class='ocr_line' id='line_1_25' title="bbox 316 1929 1721 1985; baseline -0.001 -15"><span class='ocrx_word' id='word_1_203' title='bbox 316 1930 473 1971; x_wconf 90' lang='lat' dir='ltr'><strong>Deinde</strong></span> <span class='ocrx_word' id='word_1_204' title='bbox 501 1942 648 1979; x_wconf 87' lang='lat' dir='ltr'><strong>magna</strong></span> <span class='ocrx_word' id='word_1_205' title='bbox 671 1929 823 1985; x_wconf 76' lang='lat' dir='ltr'><strong>dialogi</strong></span> <span class='ocrx_word' id='word_1_206' title='bbox 852 1941 946 1981; x_wconf 86' lang='lat' dir='ltr'><strong>pars</strong></span> <span class='ocrx_word' id='word_1_207' title='bbox 973 1931 1013 1969; x_wconf 90' lang='lat' dir='ltr'><strong>in</strong></span> <span class='ocrx_word' id='word_1_208' title='bbox 1042 1932 1293 1969; x_wconf 89' lang='lat' dir='ltr'><strong>mortuorum</strong></span> <span class='ocrx_word' id='word_1_209' title='bbox 1313 1930 1554 1969; x_wconf 86' lang='lat' dir='ltr'><strong>&#39;condicione</strong></span> <span class='ocrx_word' id='word_1_210' title='bbox 1569 1929 1721 1968; x_wconf 84' lang='lat' dir='ltr'><strong>descri-</strong></span> 
     </span>
     <span class='ocr_line' id='line_1_26' title="bbox 212 2002 1720 2054; baseline -0.001 -10"><span class='ocrx_word' id='word_1_211' title='bbox 212 2004 344 2045; x_wconf 87' lang='lat' dir='ltr'><strong>benda</strong></span> <span class='ocrx_word' id='word_1_212' title='bbox 372 2005 558 2044; x_wconf 84' lang='lat' dir='ltr'><strong>versatur</strong></span> <span class='ocrx_word' id='word_1_213' title='bbox 587 2005 631 2052; x_wconf 70' lang='lat'><strong>(§</strong></span> <span class='ocrx_word' id='word_1_214' title='bbox 662 2003 848 2052; x_wconf 69' lang='lat'><strong>10—20),</strong></span> <span class='ocrx_word' id='word_1_215' title='bbox 906 2002 981 2042; x_wconf 85' lang='lat' dir='ltr'><strong>Hie</strong></span> <span class='ocrx_word' id='word_1_216' title='bbox 1020 2005 1153 2042; x_wconf 89' lang='lat' dir='ltr'><strong>autem</strong></span> <span class='ocrx_word' id='word_1_217' title='bbox 1182 2002 1296 2043; x_wconf 87' lang='lat' dir='ltr'><strong>locus</strong></span> <span class='ocrx_word' id='word_1_218' title='bbox 1342 2005 1423 2047; x_wconf 91' lang='lat' dir='ltr'><strong>est,</strong></span> <span class='ocrx_word' id='word_1_219' title='bbox 1462 2006 1508 2042; x_wconf 94' lang='lat' dir='ltr'><strong>ut</strong></span> <span class='ocrx_word' id='word_1_220' title='bbox 1543 2002 1720 2054; x_wconf 76' lang='lat' dir='ltr'><strong>inquira-</strong></span> 
     </span>
     <span class='ocr_line' id='line_1_27' title="bbox 212 2074 1720 2127; baseline -0.001 -12"><span class='ocrx_word' id='word_1_221' title='bbox 212 2089 322 2122; x_wconf 72' lang='lat' dir='ltr'><strong>muS‚</strong></span> <span class='ocrx_word' id='word_1_222' title='bbox 352 2075 547 2127; x_wconf 89' lang='lat' dir='ltr'><strong>quidnam</strong></span> <span class='ocrx_word' id='word_1_223' title='bbox 578 2087 629 2115; x_wconf 80' lang='lat' dir='ltr'><strong>ex</strong></span> <span class='ocrx_word' id='word_1_224' title='bbox 657 2075 840 2126; x_wconf 89' lang='lat' dir='ltr'><strong>Menippi</strong></span> <span class='ocrx_word' id='word_1_225' title='bbox 869 2076 1012 2126; x_wconf 86' lang='lat' dir='ltr'><strong>necyia</strong></span> <span class='ocrx_word' id='word_1_226' title='bbox 1040 2074 1227 2114; x_wconf 80' lang='lat' dir='ltr'><strong>Lucianis</strong></span> <span class='ocrx_word' id='word_1_227' title='bbox 1258 2075 1557 2127; x_wconf 85' lang='lat' dir='ltr'><strong>deprompsisse</strong></span> <span class='ocrx_word' id='word_1_228' title='bbox 1584 2075 1720 2114; x_wconf 87' lang='lat' dir='ltr'><strong>videa·</strong></span> 
     </span>
     <span class='ocr_line' id='line_1_28' title="bbox 213 2146 1722 2199; baseline -0.002 -11"><span class='ocrx_word' id='word_1_229' title='bbox 213 2153 291 2189; x_wconf 82' lang='lat' dir='ltr'><strong>tur.</strong></span> <span class='ocrx_word' id='word_1_230' title='bbox 351 2149 578 2192; x_wconf 84' lang='lat' dir='ltr'><strong>Nescimus,</strong></span> <span class='ocrx_word' id='word_1_231' title='bbox 607 2160 686 2199; x_wconf 91' lang='lat' dir='ltr'><strong>qua</strong></span> <span class='ocrx_word' id='word_1_232' title='bbox 713 2148 869 2187; x_wconf 90' lang='lat' dir='ltr'><strong>ratione</strong></span> <span class='ocrx_word' id='word_1_233' title='bbox 898 2147 1114 2199; x_wconf 86' lang='lat' dir='ltr'><strong>Menippus</strong></span> <span class='ocrx_word' id='word_1_234' title='bbox 1144 2148 1294 2186; x_wconf 90' lang='lat' dir='ltr'><strong>satirae</strong></span> <span class='ocrx_word' id='word_1_235' title='bbox 1331 2151 1611 2196; x_wconf 88' lang='lat' dir='ltr'><strong>argumentum</strong></span> <span class='ocrx_word' id='word_1_236' title='bbox 1639 2146 1722 2186; x_wconf 88' lang='lat' dir='ltr'><strong>dis-</strong></span> 
     </span>
     <span class='ocr_line' id='line_1_29' title="bbox 212 2219 1722 2273; baseline -0.003 -12"><span class='ocrx_word' id='word_1_237' title='bbox 212 2221 396 2273; x_wconf 85' lang='lat' dir='ltr'><strong>posuerit</strong></span> <span class='ocrx_word' id='word_1_238' title='bbox 424 2223 464 2259; x_wconf 89' lang='lat' dir='ltr'><strong>et</strong></span> <span class='ocrx_word' id='word_1_239' title='bbox 494 2219 751 2263; x_wconf 81' lang='lat' dir='ltr'><strong>tractaverit3</strong></span> <span class='ocrx_word' id='word_1_240' title='bbox 780 2231 829 2258; x_wconf 83' lang='lat' dir='ltr'><strong>ex</strong></span> <span class='ocrx_word' id='word_1_241' title='bbox 857 2219 949 2270; x_wconf 92' lang='lat' dir='ltr'><strong>ipsa</strong></span> <span class='ocrx_word' id='word_1_242' title='bbox 976 2224 1108 2258; x_wconf 86' lang='lat' dir='ltr'><strong>autem</strong></span> <span class='ocrx_word' id='word_1_243' title='bbox 1145 2219 1408 2271; x_wconf 84' lang='lat' dir='ltr'><strong>inscriptione</strong></span> <span class='ocrx_word' id='word_1_244' title='bbox 1447 2219 1622 2259; x_wconf 87' lang='lat' dir='ltr'><strong>dilucide</strong></span> <span class='ocrx_word' id='word_1_245' title='bbox 1643 2220 1722 2270; x_wconf 81' lang='lat' dir='ltr'><strong>&#39;ap-</strong></span> 
     </span>
     <span class='ocr_line' id='line_1_30' title="bbox 213 2291 1723 2348; baseline -0.003 -13"><span class='ocrx_word' id='word_1_246' title='bbox 213 2298 342 2348; x_wconf 88' lang='lat' dir='ltr'><strong>paret,</strong></span> <span class='ocrx_word' id='word_1_247' title='bbox 372 2306 462 2333; x_wconf 88' lang='lat' dir='ltr'><strong>eum</strong></span> <span class='ocrx_word' id='word_1_248' title='bbox 491 2291 660 2331; x_wconf 87' lang='lat' dir='ltr'><strong>Homeri</strong></span> <span class='ocrx_word' id='word_1_249' title='bbox 698 2293 843 2343; x_wconf 83' lang='lat' dir='ltr'><strong>necyia</strong></span> <span class='ocrx_word' id='word_1_250' title='bbox 881 2295 1068 2343; x_wconf 88' lang='lat' dir='ltr'><strong>respecta</strong></span> <span class='ocrx_word' id='word_1_251' title='bbox 1108 2294 1427 2332; x_wconf 87' lang='lat' dir='ltr'><strong>necromantiam</strong></span> <span class='ocrx_word' id='word_1_252' title='bbox 1466 2292 1646 2332; x_wconf 87' lang='lat' dir='ltr'><strong>irrisisse</strong></span> <span class='ocrx_word' id='word_1_253' title='bbox 1683 2295 1723 2330; x_wconf 91' lang='lat' dir='ltr'><strong>et</strong></span> 
     </span>
     <span class='ocr_line' id='line_1_31' title="bbox 215 2364 1723 2418; baseline -0.003 -10"><span class='ocrx_word' id='word_1_254' title='bbox 215 2369 263 2408; x_wconf 88' lang='lat' dir='ltr'><strong>de</strong></span> <span class='ocrx_word' id='word_1_255' title='bbox 291 2367 424 2409; x_wconf 81' lang='lat' dir='ltr'><strong>rebus,</strong></span> <span class='ocrx_word' id='word_1_256' title='bbox 453 2377 555 2418; x_wconf 88' lang='lat' dir='ltr'><strong>quae</strong></span> <span class='ocrx_word' id='word_1_257' title='bbox 585 2366 635 2405; x_wconf 86' lang='lat' dir='ltr'><strong>ad</strong></span> <span class='ocrx_word' id='word_1_258' title='bbox 665 2365 814 2405; x_wconf 88' lang='lat' dir='ltr'><strong>inferos</strong></span> <span class='ocrx_word' id='word_1_259' title='bbox 829 2366 1070 2417; x_wconf 82' lang='lat' dir='ltr'><strong>pertineant,</strong></span> <span class='ocrx_word' id='word_1_260' title='bbox 1098 2364 1231 2417; x_wconf 89' lang='lat' dir='ltr'><strong>lepide</strong></span> <span class='ocrx_word' id='word_1_261' title='bbox 1256 2366 1401 2416; x_wconf 86' lang='lat' dir='ltr'><strong>egisse.</strong></span> <span class='ocrx_word' id='word_1_262' title='bbox 1428 2364 1568 2416; x_wconf 91' lang='lat' dir='ltr'><strong>Itaque</strong></span> <span class='ocrx_word' id='word_1_263' title='bbox 1586 2371 1723 2417; x_wconf 90' lang='lat' dir='ltr'><strong>quam-</strong></span> 
     </span>
     <span class='ocr_line' id='line_1_32' title="bbox 216 2437 1722 2492; baseline -0.002 -12"><span class='ocrx_word' id='word_1_264' title='bbox 216 2453 334 2492; x_wconf 87' lang='lat' dir='ltr'><strong>quam</strong></span> <span class='ocrx_word' id='word_1_265' title='bbox 365 2439 413 2479; x_wconf 90' lang='lat' dir='ltr'><strong>de</strong></span> <span class='ocrx_word' id='word_1_266' title='bbox 444 2439 616 2489; x_wconf 87' lang='lat' dir='ltr'><strong>singulis</strong></span> <span class='ocrx_word' id='word_1_267' title='bbox 646 2439 767 2478; x_wconf 90' lang='lat' dir='ltr'><strong>rebus</strong></span> <span class='ocrx_word' id='word_1_268' title='bbox 797 2438 1013 2479; x_wconf 86' lang='lat' dir='ltr'><strong>aLuoiano</strong></span> <span class='ocrx_word' id='word_1_269' title='bbox 1042 2440 1217 2479; x_wconf 86' lang='lat' dir='ltr'><strong>narratis</strong></span> <span class='ocrx_word' id='word_1_270' title='bbox 1232 2440 1290 2479; x_wconf 89' lang='lat' dir='ltr'><strong>ita</strong></span> <span class='ocrx_word' id='word_1_271' title='bbox 1312 2439 1515 2478; x_wconf 88' lang='lat' dir='ltr'><strong>disserere</strong></span> <span class='ocrx_word' id='word_1_272' title='bbox 1531 2437 1722 2478; x_wconf 90' lang='lat' dir='ltr'><strong>inanimo</strong></span> 
     </span>
    </p>
   </div>
   <div class='ocr_carea' id='block_1_4' title="bbox 223 2546 471 2551">
    <p class='ocr_par' dir='ltr' id='par_1_6' title="bbox 223 2546 471 2551">
     <span class='ocr_line' id='line_1_33' title="bbox 223 2546 471 2551; baseline 0 0"><span class='ocrx_word' id='word_1_273' title='bbox 223 2546 471 2551; x_wconf 95' lang='lat' dir='ltr'><strong> </strong></span> 
     </span>
    </p>
   </div>
   <div class='ocr_carea' id='block_1_5' title="bbox 300 2593 589 2687">
    <p class='ocr_par' dir='ltr' id='par_1_7' title="bbox 300 2593 589 2687">
     <span class='ocr_line' id='line_1_34' title="bbox 301 2593 589 2634; baseline -0.003 -8"><span class='ocrx_word' id='word_1_274' title='bbox 301 2596 334 2633; x_wconf 91' lang='lat'><strong>1)</strong></span> <span class='ocrx_word' id='word_1_275' title='bbox 360 2595 469 2625; x_wconf 88' lang='lat' dir='ltr'><strong>Herm.</strong></span> <span class='ocrx_word' id='word_1_276' title='bbox 495 2593 516 2634; x_wconf 56' lang='grc' dir='ltr'><strong>ξ</strong></span> <span class='ocrx_word' id='word_1_277' title='bbox 539 2594 589 2625; x_wconf 78' lang='grc'><strong>79,</strong></span> 
     </span>
     <span class='ocr_line' id='line_1_35' title="bbox 300 2645 532 2687; baseline -0.013 -8"><span class='ocrx_word' id='word_1_278' title='bbox 300 2648 335 2687; x_wconf 74' lang='grc'><strong>2)</strong></span> <span class='ocrx_word' id='word_1_279' title='bbox 361 2646 436 2677; x_wconf 86' lang='lat' dir='ltr'><strong>Nec.</strong></span> <span class='ocrx_word' id='word_1_280' title='bbox 460 2645 480 2686; x_wconf 61' lang='grc' dir='ltr'><strong>ς</strong></span> <span class='ocrx_word' id='word_1_281' title='bbox 503 2645 532 2677; x_wconf 81' lang='grc'><strong>4.</strong></span> 
     </span>
    </p>
   </div>
  </div>
 </body>
</html>
