1860 2936
731 153 1098 193 ‚27-

167 264 232 301 tur
260 265 299 300 et
327 261 391 301 hic
421 264 462 301 et
491 260 557 316 ubi
587 258 838 310 Pytha-goras
866 258 1073 298 esculenta
1100 258 1150 297 ab
1179 270 1226 297 eo
1263 258 1422 311 petit¹)‚
1462 271 1529 308 ea,
1566 270 1668 310 quae

168 317 288 374 antea
318 316 542 377 abiecerat,
571 332 824 372 vestimenta.
877 331 1010 391 Idem,
1047 331 1113 383 qui
1142 330 1288 383 ubique
1317 344 1383 372 eos
1421 331 1668 385 perstringit,

168 408 236 458 qui
274 407 413 445 eadem
450 407 558 444 inter
596 407 776 443 mortuos
814 403 1067 452 discrimina,
1097 416 1198 455 quae
1227 405 1330 443 inter
1358 405 1465 445 viros
1506 404 1667 450 fu‘erint,

167 479 362 517 interesse
390 468 591 526 censeant,
620 475 779 527 (XVIII,
822 477 855 522 13
892 476 1078 521 XXVIII,
1110 477 1150 529 1)
1190 488 1214 516 a
1249 476 1426 518 Thersite
1469 483 1510 518 et
1544 477 1667 517 Nireo

168 551 289 590 iudex
317 550 490 600 eligitur,
519 550 598 602 qui,
627 554 716 589 uter
742 549 946 602 pulchrior
973 551 1037 599 sit,
1066 550 1268 590 decernat.
1324 551 1449 598 Quam
1478 551 1588 591 litem
1617 551 1668 589 ad

166 624 301 674 ipsum
329 622 582 675 Menippum,
620 622 689 674 qui
719 623 946 672 dirimeret,
987 622 1162 663 delatam
1204 635 1292 662 esse
1331 624 1529 663 Lucianus
1568 623 1668 662 bene

167 707 247 735 non
275 695 486 745 finxisset,
514 695 592 735 nisi
619 695 663 735 id
691 695 820 735 solum
849 699 1097 747 spectasset,
1126 701 1170 735 ut
1197 707 1344 747 pravas
1372 697 1419 736 de
1447 696 1668 735 inferorum

126 767 131 776 ¹
169 767 405 807 condicione
435 768 644 820 opiniones
672 769 870 808 irrideret.
923 769 1056 820 Atque
1084 768 1194 807 idem
1231 769 1274 807 in
1310 770 1566 821 opprobrium
1598 768 1670 807 So-

169 842 269 880 crati
295 841 445 881 factum
476 841 607 896 cadit,
642 841 750 893 quod
791 853 840 880 ne
871 843 912 881 in
942 853 1035 881 orco
1066 841 1226 894 quidem
1253 842 1438 881 iuvenum
1482 840 1670 893 pulchro-

168 926 256 952 rum
286 915 572 955 consuetudine
602 915 660 954 uti
689 915 859 954 desistat
874 899 927 967 ²)‚'
949 926 1196 967 quamquam
1223 914 1345 966 paulo
1375 918 1495 955 antea
1532 915 1575 954 in
1604 921 1670 953 eoss

24 982 36 992 ⁴
105 1046 109 1050 ἦ
169 988 259 1026 dem
301 987 459 1037 dialogo
490 987 598 1039 (XX,
625 988 668 1036 5)
697 987 913 1040 Menippus
957 1000 1037 1039 ‚eas
1064 989 1218 1028 formae
1248 992 1390 1037 notas,
1432 988 1576 1040 quibus
1612 989 1670 1026 uti

167 1060 301 1098 vivum
330 1062 487 1099 veteres
516 1060 697 1099 solebant
726 1060 930 1100 Socratem
952 1061 1108 1100 Aeacus
1139 1061 1346 1104 describit,
1374 1060 1475 1099 nihil
1502 1061 1553 1099 ad
1581 1072 1670 1099 eum

167 1131 473 1171 discernendum
497 1132 641 1182 valere,
671 1134 740 1172 sed
769 1133 951 1172 omnibus
983 1146 1108 1186 aeque
1136 1134 1305 1173 mortuis
1335 1129 1421 1173 esse
1438 1144 1668 1173 communes

166 1205 321 1244 iocatus
352 1193 465 1245 erat-f
489 1188 543 1232 *-—
571 1205 753 1249 Breviter
781 1206 844 1245 hic
871 1205 969 1245 mihi
997 1207 1272 1256 attingendum
1304 1210 1415 1258 pute,
1446 1206 1589 1258 quibus
1619 1204 1669 1244 de
1712 1211 1722 1216 ”

168 1277 301 1316 causis
329 1277 541 1318 Jacobsius
569 1278 673 1318 hunc
702 1277 902 1327 dialogum
932 1278 1035 1318 alius
1064 1280 1271 1330 scriptoris
1301 1291 1388 1318 esse
1406 1278 1579 1318 voluisse
1609 1278 1667 1316 vi-

168 1349 324 1389 deatur.
380 1351 580 1402 Imprimis
609 1350 877 1404 Pythagoras,
905 1351 1185 1403 Empedocles,
1228 1351 1435 1399 Socrates,
1474 1351 1542 1401 qui
1580 1362 1668 1390 sae-

167 1423 331 1473 pissime
360 1434 384 1461 a
420 1421 599 1461 Luciano
641 1427 1024 1470 commemorantur,
1059 1423 1366 1474 increpitantur.
1421 1422 1669 1473 Pythagoras

168 1492 328 1545 quidem
375 1494 490 1533 fabas
529 1495 644 1533 edere
682 1507 809 1545 neque
855 1496 937 1533 iam
986 1508 1148 1534 aureum
1199 1495 1331 1534 femur
1375 1495 1523 1534 habere
1570 1494 1670 1533 dici-

169 1570 234 1604 tur
275 1565 391 1616 (XX,
418 1567 470 1613 3).
528 1565 675 1606 Contra
712 1566 755 1604 in
799 1567 905 1606 veris
944 1566 1123 1606 historiis
1140 1567 1171 1618 ³)
1217 1568 1325 1607 etin
1364 1568 1536 1606 vitarum
1576 1578 1670 1605 auc—

168 1638 322 1691 tione4)
351 1650 513 1678 aureum
545 1639 580 1678 ei
618 1639 748 1678 femur
784 1643 844 1680 est
872 1651 896 1678 a
931 1639 1119 1692 fabisque
1156 1652 1199 1680 se
1228 1639 1462 1691 abstinet5).
1519 1639 1671 1686 Quodsi

170 1713 384 1751 contrariis
425 1711 488 1751 his
540 1712 588 1751 de
628 1711 866 1764 philosopho
918 1713 1172 1764 opinionibus
1224 1713 1444 1753 Jacobsius
1494 1710 1671 1751 offensus

169 1788 251 1833 cst,
279 1784 576 1835 respiciendum
619 1787 755 1824 tamen
796 1789 877 1829 est,
906 1784 1175 1836 Pythagoram
1218 1786 1342 1825 etiam
1384 1786 1425 1824 in
1465 1784 1582 1825 Gallo
1610 1785 1671 1823 fa·

168 1856 238 1896 bas
267 1869 309 1896 se
338 1857 454 1896 edere
484 1856 616 1896 dicere
629 1856 681 1906 6);
709 1860 794 1896 tum
820 1856 878 1896 ibi
911 1858 999 1909 ipse
1015 1858 1168 1898 fatetur
1183 1859 1239 1908 ⁷),
1266 1858 1389 1908 leges,
1436 1857 1593 1909 quibus,
1622 1868 1671 1896 ne

167 1933 389 1969 sectatu-es
419 1942 538 1968 carne
567 1933 635 1968 aut
664 1929 767 1968 fabis
795 1929 1042 1977 fruerentur,
1087 1932 1252 1970 vetitum
1282 1933 1410 1977 esset,
1445 1930 1550 1970 latas
1579 1942 1603 1969 a
1628 1942 1670 1969 se

169 2013 276 2049 esse,
305 2006 350 2042 ut
384 2002 558 2041 insolitis
600 2002 865 2053 praescriptis
893 2004 1087 2043 maiorem
1116 2005 1177 2043 sui
1207 2004 1515 2043 admirationem
1541 2002 1670 2043 homi-

149 2059 506 2124 >nibusfiniceret3
535 2078 577 2114 at
603 2075 643 2113 in
673 2075 847 2113 vitarum
878 2075 1063 2114 auctione
1091 2078 1258 2127 propter
1285 2076 1542 2116 sanctitatem
1553 2075 1668 2115 faba-

167 2160 253 2186 rum
285 2152 323 2186 et
346 2149 451 2198 quod
467 2148 635 2188 Athenis
664 2148 971 2198 magistratuum
987 2149 1143 2188 sortitio
1171 2148 1276 2189 fabis
1303 2149 1429 2198 fieret,
1457 2147 1534 2189 hoc
1552 2161 1668 2201 prae-

254 2305 286 2343 1)
310 2303 384 2335 dial.
408 2306 504 2337 mort.
527 2305 597 2343 XX,
623 2305 654 2337 3.

252 2366 287 2407 2)
314 2365 388 2397 dial.
413 2366 507 2397 morl,
530 2366 596 2405 XX,
620 2367 650 2398 6.

251 2429 286 2468 3)
312 2429 379 2461 Ver.
403 2429 479 2460 hist.
502 2428 546 2466 11,
569 2429 621 2461 21.

250 2490 286 2530 4)
314 2491 372 2521 Vit.
395 2493 476 2522 auct.
500 2490 520 2531 §
543 2490 572 2522 6.

251 2553 285 2592 5)
311 2553 371 2583 Vir.
396 2555 483 2588 auct,
509 2553 528 2595 §
552 2553 581 2585 6.
608 2553 676 2584 Ver.
705 2554 779 2586 hist.
804 2553 845 2592 11,
872 2553 922 2587 24.

251 2615 287 2653 6)
313 2614 397 2646 Gall.
422 2615 442 2656 §
464 2617 494 2647 5.

250 2676 286 2717 7)
311 2676 393 2709 Gall.
419 2677 439 2719 §
463 2678 513 2710 18.
