1860 2936
180 1122 415 1196 Lucianum
443 1167 524 1196 non
553 1165 694 1197 omnes
721 1166 792 1197 eos
818 1150 989 1206 libellos,
1016 1155 1083 1209 qui
1110 1154 1229 1205 vulgo
1257 1156 1342 1196 eius
1370 1162 1460 1197 esse
1477 1158 1686 1209 putantur,

180 1229 397 1282 scripsisse
425 1230 502 1270 viri
545 1228 655 1272 docti
691 1228 957 1269 consentiunt.
1011 1228 1159 1269 Mirum
1199 1233 1336 1269 tamen
1369 1228 1501 1270 videri
1537 1234 1685 1282 potest,

180 1312 376 1351 quaenam
408 1311 533 1340 causa
559 1299 704 1348 fuerit,
742 1311 816 1339 cur
857 1300 1215 1340 commentationes
1257 1301 1491 1352 suppositae
1518 1302 1556 1342 ei
1591 1303 1685 1342 sint.

180 1371 282 1412 Eam
310 1373 414 1413 enim
444 1385 533 1413 esse
561 1384 642 1413 non
668 1371 861 1425 potuisse,
889 1384 969 1424 qua
995 1372 1148 1412 factum
1176 1373 1243 1421 sit,
1267 1376 1312 1413 ut
1339 1372 1541 1413 veteribus
1559 1374 1685 1415 Grae-

183 1457 319 1484 corum
348 1445 617 1496 scriptoribus
630 1444 998 1485 Alexandrinorum
1025 1444 1282 1496 potissimum
1311 1449 1443 1500 aetate
1469 1445 1562 1485 libri
1590 1446 1685 1486 sub-
1745 1448 1747 1450 ’

180 1515 254 1556 diti
284 1512 379 1558 sint,
407 1528 522 1556 nemo
552 1529 630 1556 non
658 1516 779 1556 videt.
835 1515 937 1556 Nam
965 1527 1055 1555 cum
1087 1515 1303 1556 Ptolemaei
1330 1521 1370 1557 et
1387 1517 1516 1557 Attali
1544 1529 1683 1557 eorum

179 1589 306 1629 libros
335 1590 630 1630 studiosissime
660 1589 894 1639 colligerent
921 1589 1170 1641 plurimoque
1198 1593 1399 1637 emerent,
1428 1591 1683 1641 exstiterunt,

177 1663 242 1712 qui
276 1674 421 1711 magna
449 1662 521 1701 illa
548 1662 718 1714 pecunia
747 1661 880 1701 allecti
909 1673 969 1709 ea,
997 1673 1099 1713 quae
1127 1661 1207 1712 ipsi
1234 1662 1582 1713 conscripserant,
1611 1676 1683 1715 pro
1726 1711 1731 1713 -

179 1735 284 1773 veris
315 1735 576 1786 genuinisque
606 1747 743 1774 eorum
771 1733 886 1774 libris
914 1733 1172 1773 venditarent
1189 1732 1235 1784 1).
1276 1734 1413 1786 Neque
1443 1746 1510 1774 ars
1539 1736 1684 1775 critica

177 1810 262 1844 tum
292 1807 369 1845 iam
400 1806 500 1857 adeo
530 1806 693 1845 exculta
739 1806 839 1854 fuit,
880 1808 927 1845 ut
961 1806 1075 1845 fraus
1112 1807 1251 1845 statim
1289 1805 1616 1856 intellegeretur,
1641 1808 1684 1847 'et

175 1876 369 1917 librorum
406 1878 768 1919 multitudotanta
794 1877 896 1925 fuit,
925 1881 969 1917 ut
995 1889 1317 1929 unumquemque
1346 1878 1579 1928 diligentius
1620 1880 1681 1919 in-

176 1951 332 2002 spicere
360 1962 440 1990 non
468 1950 620 1990 liceret.
656 1972 708 1979 —
745 1950 806 1990 Ac
834 1953 966 1989 tamen
992 1948 1210 2002 probabilis
1238 1951 1365 1998 ratio,
1407 1963 1477 1991 cur
1503 1950 1681 1991 Luciano

176 2021 282 2077 falso
310 2022 466 2075 scripta
493 2023 646 2063 tributa
674 2022 769 2069 sint,
797 2022 970 2061 inveniri
998 2025 1145 2074 potest.
1200 2022 1306 2063 Satis
1343 2035 1533 2074 magnum
1573 2024 1684 2064 litte·

175 2106 311 2134 rarum
341 2108 526 2148 campum
565 2096 735 2136 Luciani
774 2096 923 2145 ingenii
961 2107 1101 2135 cursus
1139 2095 1182 2134 in
1217 2087 1432 2135 scribendo
1470 2095 1682 2147 amplexus

175 2170 248 2206 est.
303 2165 343 2205 Is
372 2168 489 2216 enim,
519 2169 599 2220 qui,
628 2180 716 2208 cum
744 2168 970 2207 rhetoricen
996 2168 1264 2219 profiteretur,
1291 2166 1342 2205 de
1371 2168 1508 2207 multis
1538 2169 1682 2208 variis-

178 2251 255 2290 que
284 2241 531 2289 argumentis
564 2240 877 2280 declamationes
918 2240 1156 2286 confecerat,
1201 2242 1343 2290 postea
1367 2239 1444 2279 hac
1471 2243 1558 2280 arte
1586 2240 1681 2281 reli-

175 2313 253 2359 cta,
282 2323 372 2364 cum
400 2310 448 2351 de
476 2312 595 2352 rebus
632 2312 826 2364 gravibus
853 2316 898 2352 ut
926 2324 959 2353 e.
988 2324 1022 2352 c.
1050 2312 1094 2351 in
1123 2311 1397 2360 ‚Hermotimo‘
1426 2315 1466 2351 et
1493 2313 1536 2351 in
1563 2312 1682 2363 libro,

177 2383 239 2430 ,de
265 2384 557 2440 conscribenda
583 2384 771 2426 historia‘
798 2386 891 2436 egit,
919 2388 1003 2425 tum
1031 2385 1228 2436 imprimis
1244 2386 1406 2433 satiras,
1436 2384 1579 2437 quibus
1597 2397 1683 2426 om-

262 2551 295 2590 1)
321 2551 361 2582 cf.
385 2550 541 2583 Galerium
565 2550 777 2587 (Medicorum
789 2561 977 2592 graecorum
989 2561 1068 2593 quac
1100 2554 1227 2583 exstant
1250 2552 1299 2584 ed.
1319 2553 1425 2583 ΚῦΙιη.
1447 2552 1576 2594 Lipsiae
1589 2552 1681 2585 1828.

173 2612 207 2642 V.
231 2612 289 2644 XV
312 2623 343 2654 p.
369 2612 443 2655 109)
468 2614 498 2645 in
525 2614 679 2656 Hippocr.
703 2612 740 2645 de
761 2615 816 2645 nat
851 2615 938 2647 hom.
966 2614 1007 2647 ΙΙ.
1031 2624 1172 2656 prooem.

1437 2710 1483 2748 1*
