1860 2936
741 179 792 185 ...
902 154 950 193 19
1057 177 1107 183 ...-

179 262 221 307 in
250 257 566 313 ,Necyomantia‘
595 260 766 307 eisdem,
795 259 938 311 quibus
965 259 1008 298 in
1048 258 1138 298 aliis
1176 257 1335 310 scriptis
1378 267 1472 297 usus
1510 256 1586 303 sit,
1635 254 1685 294 ab

181 334 257 374 alio
294 336 488 386 scriptore
527 333 747 384 profectam
788 344 872 371 eam
920 343 1009 372 esse
1045 344 1296 383 nequaquam
1336 329 1524 371 concludi
1561 341 1685 381 posse

182 407 456 447 ostendamus.

281 480 348 521 >De
376 479 557 532 Menippi
584 479 709 529 igitur
732 477 909 517 moribus
937 481 981 517 ut
1007 477 1238 529 loquamur,
1281 476 1475 527 ‚dialogos
1504 480 1685 517 mortuo-

182 556 285 594 rum‘
315 564 338 591 a
368 552 681 603 ‚Necyomantia‘
709 554 748 589 et
777 549 1107 601 ‚Icaromenippo‘
1136 550 1400 599 seiungendos
1439 561 1528 589 esse
1564 553 1684 601 puta-

182 637 282 664 mus.
340 624 395 663 [bi
425 625 532 664 enim
560 623 771 675 Menippus
799 623 857 661 ita
884 622 1140 671 describitur,
1167 626 1223 668 ut,
1254 634 1512 674 quaecunque
1540 623 1577 661 ei
1611 625 1684 662 tri-

183 696 372 746 buuntur,
405 696 447 736 in
477 707 613 735 omnes
643 694 903 747 philosophos
932 695 1096 746 cynicos
1125 694 1272 733 cadant
1297 707 1423 747 neque
1465 694 1684 747 quidquam

184 770 233 810 de
262 781 307 808 eo
337 761 505 818 dicatur,
534 769 639 820 quod
669 769 827 819 privum
855 767 1140 819 propriumque
1167 767 1252 806 eius
1281 767 1334 806 sit
1345 782 1354 814 ;
1407 769 1448 807 in
1487 768 1550 807 his
1586 781 1682 807 vero

186 840 305 882 aliter
343 854 406 881 res
449 853 537 881 sese
577 840 718 889 habet,
763 851 853 880 cum
889 839 1089 888 Lucianus
1134 838 1324 879 nonnulla
1357 840 1684 891 intermiscuerit,

186 927 286 965 quae
314 927 391 953 non
421 915 469 954 de
499 913 692 965 Menippi,
720 913 790 952 sed
819 914 867 952 de
896 913 1023 963 ipsius
1060 912 1237 951 moribus
1268 912 1542 962 intellegenda
1577 921 1682 956 sunt.

291 986 405 1034 Quod
432 986 563 1037 priore
591 985 680 1025 loco
720 983 946 1037 posuimus,
983 985 1040 1024 ita
1077 996 1343 1036 exponemus,
1387 987 1452 1033 ut,
1494 998 1596 1038 quae
1636 990 1685 1030 de

184 1060 373 1111 Menippo
402 1060 640 1100 referantur,
670 1058 803 1097 omnia
831 1070 920 1097 cum
950 1059 1018 1105 eis,
1048 1069 1150 1109 quae
1179 1058 1228 1097 de
1245 1056 1423 1107 Diogene
1452 1063 1492 1099 et
1510 1059 1682 1112 Cynisco

173 1131 295 1173 sdicta
324 1132 417 1178 sint,
456 1131 667 1170 convenire
695 1130 1027 1171 demonstremus.
1577 1119 1579 1122 ¹

289 1204 334 1243 In
360 1205 491 1255 primo
521 1203 678 1253 dialogo
709 1204 920 1255 Menippus
949 1215 973 1242 a
1001 1203 1181 1252 Diogene
1210 1202 1365 1244 Polluci
1404 1204 1514 1244 hisce
1553 1208 1685 1249 verbis

186 1276 425 1316 describitur
453 1276 503 1327 (I,
531 1276 572 1327 2)
601 1275 754 1328 ,Ὑέρων,
785 1273 1012 1328 φαλακρός,
1041 1273 1258 1327 τριβώνιον
1288 1272 1400 1327 ἔχων
1429 1276 1684 1333 πολύθυρον,

186 1346 341 1387 ἅπαντι
372 1347 505 1401 ἀνέμῳ
536 1346 878 1401 ἀναπεπταμένον
907 1344 975 1384 καὶ
1005 1348 1094 1394 ταῖς
1122 1345 1375 1399 ἐπιπτυχαῖς
1410 1350 1492 1387 τῶν
1532 1349 1683 1403 ῥακίων

186 1420 387 1461 ποικίλον.

292 1493 470 1535 Corinthi
498 1494 539 1532 in
567 1494 744 1542 Craneo,
779 1493 846 1532 ubi
883 1493 1085 1543 Diogenes
1124 1493 1358 1545 Sinopensis
1396 1497 1547 1535 versari
1585 1498 1689 1538 sole-

191 1566 269 1614 bat,
290 1566 323 1618 1)
354 1569 422 1605 aut
449 1566 617 1605 Athenis
646 1566 688 1604 in
711 1566 846 1616 Lyceo
876 1567 996 1604 vitam
1028 1578 1115 1605 eum
1146 1566 1290 1615 degere
1319 1566 1465 1606 ibidem
1488 1568 1689 1618 Diogenes

189 1639 301 1678 dicit.
318 1639 350 1690 2)
382 1639 633 1678 Vestimenta
672 1639 756 1684 eius
791 1637 955 1677 fuerunt
988 1650 1086 1689 pera
1121 1637 1357 1690 plerumque
1395 1639 1501 1679 fabis
1541 1643 1691 1682 referta

190 1714 229 1750 et
257 1711 444 1750 baculum
473 1714 512 1749 et
539 1710 706 1761 pallium
720 1709 753 1761 ³)

292 1782 455 1822 Eisdem
484 1794 577 1821 vero
606 1782 786 1822 vestibus
813 1783 943 1822 induti
971 1784 1091 1822 etiam
1119 1782 1358 1834 Diogenest)
1388 1788 1428 1824 et
1455 1785 1689 1839 Cyniscus5)

189 1855 445 1895 inducuntur.
501 1855 579 1894 Sed
608 1855 701 1904 has,
742 1856 776 1893 si
808 1856 896 1906 quis
924 1866 1041 1893 verus
1070 1854 1329 1907 philosophus
1358 1858 1521 1906 cynicus
1549 1858 1691 1900 haberi

190 1924 328 1975 voluit,
356 1928 489 1966 facere
517 1938 597 1966 non
626 1927 769 1978 potuit,
798 1927 891 1978 quin
919 1927 1115 1967 indueret.
1170 1928 1310 1979 Itaque
1340 1930 1459 1968 etiam
1489 1931 1531 1970 in
1572 1932 1691 1984 ‚fugi-

190 2000 343 2044 tivis‘ss)
371 2000 510 2051 pallio,
550 2012 657 2051 pera,
699 1999 851 2046 baculo,
880 2002 924 2038 ut
951 2000 1030 2038 iam
1066 2001 1223 2039 incessu
1257 1999 1476 2052 habituque
1521 2015 1690 2052 cognos-

192 2075 389 2120 cerentur,
419 2072 580 2112 indutos
610 2083 676 2110 eos
706 2084 793 2111 esse
820 2070 1075 2123 philosophia
1103 2071 1232 2117 dixit3
1259 2072 1314 2111 ibi
1344 2074 1449 2112 enim
1489 2075 1690 2127 imprimis

190 2143 451 2195 philosophos
480 2145 640 2196 cynicos
670 2142 958 2192 intellegendos
989 2155 1076 2183 esse
1104 2156 1153 2182 ex
1182 2144 1203 2195 ξ
1230 2145 1278 2183 16
1307 2149 1487 2197 apparet.
1543 2147 1692 2193 Quam-

189 2226 308 2267 quam
337 2227 417 2255 non
445 2229 548 2266 nego
591 2215 918 2256 consuetudinem
947 2215 1079 2255 baculi
1108 2217 1293 2266 gestandi
1321 2218 1401 2256 iam
1431 2218 1488 2258 ita
1517 2223 1599 2259 tum
1630 2221 1691 2260 in-

278 2351 315 2391 1)
344 2350 435 2389 Diog.
458 2350 496 2398 Ly.
519 2350 572 2390 VI,
597 2352 647 2382 77.

278 2413 315 2455 2)
340 2412 415 2444 dial.
438 2414 529 2442 mort.
554 2413 579 2452 1,
605 2413 632 2443 1.

278 2477 313 2516 3)
338 2475 412 2507 dial.
437 2476 530 2505 mort.
554 2473 580 2513 Ι,
605 2474 634 2505 1.
659 2474 695 2510 Χ,
718 2474 738 2505 2
773 2473 837 2513 XX,
865 2474 892 2513 1,
917 2474 947 2506 3.

279 2539 314 2578 4)
339 2539 400 2569 Vit.
424 2539 515 2569 Auci.
540 2535 560 2577 §
582 2535 611 2566 7.
636 2534 656 2575 §
679 2535 709 2565 8.

277 2600 313 2639 5)
339 2599 463 2639 Catapt.
489 2598 509 2638 ξ
532 2596 561 2628 4.

278 2661 315 2702 6)
340 2661 448 2701 Fugit⁴
473 2660 492 2701 ς
518 2661 565 2691 14.

1454 2716 1478 2752 N>

1484 2721 1499 2736 ἢ
