1860 2936
750 217 800 225 ..-
907 195 931 233 9
1039 217 1089 225 ..-

169 309 330 350 ronem,
369 300 418 340 de
460 312 538 352 quo
574 299 705 340 fusius
747 300 810 339 hic
855 299 1057 339 disserere.
1081 299 1242 348 longum
1282 303 1365 348 est,
1401 299 1548 338 satiras
1577 308 1672 337 suas

170 371 406 424 Menippeas
435 371 732 423 appellasse²);
776 384 855 422 qua
898 370 1058 423 quidem
1100 371 1392 419 significatione
1431 371 1527 422 quid
1562 369 1673 408 aliud

168 445 348 483 indicare
379 443 555 483 voluisse
582 442 786 496 putandus
815 447 896 491 est,
925 455 1045 496 quam
1085 442 1233 483 similia
1269 446 1506 493 argumenta
1545 454 1672 493 eaque

169 515 355 555 similiter
382 527 406 554 a
424 520 470 555 se'
494 518 670 555 tractata
697 519 812 554 esse?
840 515 895 555 Ut
922 514 1151 567 exemplum
1180 513 1356 562 afferam,
1385 515 1525 563 satira,
1555 526 1671 566 quae,

169 591 451 627 testamentum
480 587 726 633 inscribitur,
755 586 935 639 Men÷ppi
964 587 1193 637 ,διαθήκαςί
1220 587 1397 627 imitatus
1415 590 1497 632 est;
1525 587 1671 625 mirum

170 662 301 700 autem
330 659 531 700 hominum
550 672 734 711 vmorem,
774 672 852 713 quo
881 662 1124 701 testamenta
1144 651 1386 710 condebant,
1414 663 1582 712 uterque
1611 660 1672 699 vi-

170 732 286 772 detur
312 733 500 773 irrisisse.

273 804 408 845 Etiam
435 805 577 845 melius
605 818 626 846 e
653 805 820 846 Luciani
847 805 1098 854 testimonio,
1142 805 1277 858 qualia
1304 804 1483 858 Menippi
1519 805 1672 857 scripta

169 878 338 927 fuerint,
367 877 501 928 colligi
529 881 672 930 potest.
727 879 767 917 Is
805 878 908 917 enim
955 878 1017 917 bis
1053 878 1248 930 imprimis
1290 878 1492 930 copiosius
1531 879 1580 917 de
1623 889 1671 917 eo

169 949 359 1002 loquitur.
415 950 578 1002 (Piscat.
608 951 629 1002 ἓ
657 950 710 990 26
739 950 799 990 bis
827 961 958 990 accus.
987 950 1008 1001 5
1036 950 1117 1001 33).
1153 949 1356 1002 ‘Utroque
1395 950 1482 990 loco
1523 962 1672 1002 oppro-

171 1022 258 1061 brio
289 1023 365 1062 sibi
394 1035 553 1062 versum
584 1035 670 1062 esse
698 1023 825 1071 fingit,
852 1023 956 1073 quod
972 1022 1201 1074 Menippum
1230 1021 1335 1069 ,τινὰ
1364 1023 1448 1061 τῶν
1477 1020 1672 1060 παλαιῶν

173 1096 305 1133 κυνιεῖν
340 1092 457 1149 μάλα
505 1089 737 1135 ὗλακτικόν
776 1091 825 1142 ὡς
858 1093 969 1133 δοκεῖ
1008 1091 1075 1132 καὶ
1122 1092 1350 1148 κάρχαρονί
1390 1094 1564 1144 dialogis
1607 1096 1671 1134 in-

171 1167 356 1206 serueritss

276 1240 497 1279 Lucianum
527 1253 608 1280 non
635 1241 725 1280 ideo
767 1240 987 1292 vituperari
1017 1251 1148 1291 posse,
1179 1239 1284 1290 quod
1325 1239 1557 1291 Menippum
1586 1239 1671 1279 dis-

172 1315 380 1363 putantem
408 1316 447 1351 et
474 1312 758 1365 loquentembin
775 1312 889 1352 libris
917 1312 1133 1360 induxerit,
1160 1311 1228 1351 vix
1246 1314 1320 1360 est,
1349 1312 1454 1363 quod
1471 1323 1670 1352 moneam.

173 1383 218 1424 Id
240 1385 345 1424 enim
374 1389 414 1425 et
441 1384 489 1424 de
504 1386 643 1437 paucis
671 1385 840 1439 dialogis
862 1388 903 1424 et
923 1397 1059 1438 aeque·
1078 1396 1126 1424 ac
1154 1385 1203 1424 de
1217 1383 1407 1436 Menippo
1425 1384 1478 1442 gie
1492 1383 1672 1433 Diogene

171 1456 342 1509 aliisque
381 1457 462 1496 dici
501 1457 645 1509 potuit.
699 1457 778 1497 Sed
811 1469 934 1507 genus
981 1456 1084 1497 illud
1135 1456 1296 1496 dicendi
1351 1455 1672 1508 σπουδογέλοιον

171 1528 351 1581 Menippi
379 1530 537 1569 nomine
565 1528 881 1579 intellegendum
909 1532 985 1576 est,
1015 1528 1123 1581 quod
1151 1520 1352 1568 [junianus
1383 1528 1434 1568 ab
1462 1528 1532 1569 illo
1559 1540 1672 1570 rece-

171 1601 282 1653 pisse
310 1604 350 1641 et
373 1601 436 1641 sui
465 1602 580 1653 quasi
608 1587 883 1642 iuris-fecisse
910 1601 1105 1651 arguitur.
1159 1600 1425 1653 Componitur
1466 1602 1573 1641 enim
1605 1615 1673 1654 cy-

171 1673 286 1714 nicus
315 1685 404 1715 cum
432 1672 628 1726 Eupolide
659 1676 698 1713 et
726 1672 1018 1725 Aristophane3
1048 1684 1073 1713 a
1101 1672 1244 1725 quibus
1271 1675 1318 1713 ut
1346 1673 1453 1713 sales
1480 1674 1672 1715 facetias-

172 1758 259 1797 que,
295 1747 354 1787 ita
394 1747 444 1788 ab
489 1746 559 1787 illo
601 1746 858 1787 dicacitatem
897 1758 940 1787 se
977 1746 1200 1798 sumpsisse
1237 1746 1441 1786 Lucianus
1481 1748 1674 1788 declarat.

172 1818 303 1860 Simili
331 1820 455 1869 igitur
482 1819 615 1865 modo,
644 1832 721 1871 quo
759 1820 975 1869 Lucianus,
1011 1819 1226 1871 Menippus
1261 1819 1302 1859 id
1339 1820 1594 1871 potissimum
1633 1823 1675 1862 in

173 1891 387 1933 scribendo
440 1893 660 1942 spectavit,
713 1895 758 1930 ut
803 1891 1007 1930 hominum
1056 1893 1155 1931 vitia
1201 1889 1433 1942 placitaque
1490 1892 1672 1943 philoso-

170 1961 340 2013 phorum
391 1963 724 2003 cavillaretur.--
781 1962 974 2003 Omnibus
1013 1962 1077 2002 his
1116 1961 1165 2002 de
1201 1962 1390 2015 Menippo
1429 1964 1672 2005 testimoniis

172 2036 419 2086 comparatis
448 2035 625 2075 dubitari
659 2035 809 2086 nequit,
850 2036 944 2086 quin
984 2035 1075 2075 libri
1116 2036 1202 2073 eius
1230 2035 1382 2074 satirae
1410 2035 1581 2082 fuerint3
1622 2039 1673 2078 de

174 2106 315 2157 quibus
343 2107 462 2147 facile
499 2106 679 2158 intellegi
715 2111 897 2159 possunt,
937 2118 1037 2159 quae
1074 2106 1221 2146 Suidas
1250 2118 1283 2146 s.
1314 2119 1351 2146 v,
1382 2106 1604 2157 Μένοππος
1631 2113 1673 2150 et
1731 2145 1734 2148 Α

170 2178 351 2219 Eudocia
380 2180 612 2232 (violarium
640 2181 688 2220 ed
726 2179 936 2221 Villoison.
966 2179 1146 2222 Venetiis
1177 2180 1275 2219 1781
1306 2193 1344 2232 p.
1374 2180 1469 2231 302)
1511 2181 1669 2223 habent:

171 2250 409 2297 ,Memmi-05⁶
425 2250 604 2305 κωμικός
618 2252 700 2291 τῶν
725 2249 945 2304 δραμάτων
968 2246 1097 2290 αὐτοῦ
1125 2250 1210 2290 ἐστι
1229 2251 1447 2305 Ιίἑρκωπες
1471 2252 1673 2303 (Eudoeia

170 2323 295 2364 addit:
315 2319 483 2373 Ὅφεις)
514 2321 581 2362 καὶ
612 2320 739 2363 ἄλλα.
795 2323 897 2364 Nam
926 2328 982 2370 ‚ut
1019 2323 1220 2363 latissime
1249 2327 1359 2376 patet
1393 2336 1491 2364 usus
1520 2329 1560 2365 et
1589 2326 1671 2376 sig-

169 2395 346 2435 nificatio
376 2394 588 2434 verborum
619 2395 813 2448 κωμῳδία
845 2399 884 2436 et
914 2395 1136 2449 κωμῳδεῖν,
1166 2407 1267 2447 quae
1290 2395 1444 2446 passim
1462 2397 1510 2434 de
1528 2399 1671 2448 quovis

168 2466 333 2508 ludibrii
361 2480 504 2518 genere
532 2468 842 2521 usurpanturss),
869 2470 927 2509 ita
955 2468 1076 2509 etiam
1105 2468 1267 2508 verbum
1298 2466 1432 2522 δρᾶμα
1459 2467 1604 2510 latiore
1631 2472 1672 2510 vi

251 2592 287 2632 1)
309 2595 346 2625 Α.
370 2592 504 2625 Gellius.
529 2594 623 2626 Noct.
646 2592 713 2624 Au.
738 2594 782 2633 Π,
806 2593 857 2626 18.

252 2655 289 2695 2)
312 2656 469 2689 Meineke.
496 2657 631 2688 historia
656 2656 765 2687 critica
790 2657 983 2688 comicorum
1007 2659 1203 2688 Graecorum
1229 2656 1372 2688 Berolini
1398 2656 1489 2688 1839.
1513 2666 1544 2698 p.
1569 2658 1673 2689 527—

171 2718 234 2749 Th.
258 2717 456 2751 Fritzschius
479 2722 589 2758 errat,
624 2728 693 2751 cum
716 2718 738 2752 l.
763 2728 790 2749 c.
814 2728 845 2759 p.
870 2719 909 2751 14
933 2720 1127 2751 Meinekium
1151 2718 1190 2760 (1.
1216 2728 1242 2750 c.
1266 2718 1401 2765 p.,494)
1436 2718 1593 2759 exemplis
1615 2718 1669 2749 de-
