1860 2936
705 182 755 190 .....
862 157 912 198 29
1021 179 1071 188 ..-

137 280 257 321 agere
284 268 449 308 minime
477 265 683 307 dubitasse
705 263 901 317 exemplis
931 262 1166 303 confirmare
1194 274 1533 314 supervacaneum
1564 264 1627 301 est

140 342 317 382 Fuerunt
344 340 517 391 quidem,
546 339 636 391 qui,
664 349 754 377 cum
782 335 834 377 de
874 336 1111 386 argumento
1139 336 1290 376 lascivo
1327 335 1529 375 Lucianus
1557 335 1642 375 dis—

141 416 312 461 sereret,
348 410 519 451 consilia
546 420 638 449 eum
665 419 824 461 semper
851 408 903 448 ad
931 408 1169 458 dignitatem
1205 408 1473 461 virtutemque
1512 410 1654 447 rettu«

140 485 238 525 lisse
266 486 474 524 censerent
487 482 532 534 ¹).
588 481 714 529 Quam
742 480 944 521 rationem
971 492 1052 520 non
1066 481 1197 520 minus
1213 480 1522 532 improbandam
1549 491 1640 519 esse

140 538 259 609 puto,
305 566 426 608 quam
470 565 609 594 eorum
628 581 638 597 ,
684 553 752 606 qui
791 552 855 593 vel
905 563 1062 592 summa
1115 553 1208 592 inde
1263 552 1480 604 opprobria
1530 563 1646 603 repe,
1697 553 1701 557 '

140 628 279 669 tierint
293 628 341 676 ²).

244 721 371 761 Immo
400 732 494 760 vero
522 718 608 773 ipSe
637 732 792 773 quoque
819 720 1075 774 aliquatenus
1106 719 1252 760 aetatis
1279 718 1386 759 illius
1425 718 1518 759 labe
1555 721 1643 759 tac-

141 797 207 833 tus
236 797 377 844 atque,
405 793 565 832 etiamsi
593 794 752 833 coaevis
786 793 936 833 iudicio
973 794 1133 833 saniore
1176 792 1388 843 animoque
1425 792 1643 830 sinceriore

142 877 231 905 eum
260 864 387 904 fuisse
414 876 663 917 nequaquam
693 864 1033 918 infitior‚farctius
1060 868 1197 905 tamen
1222 875 1312 904 cum
1338 862 1463 903 totius
1491 862 1643 903 aetatis

143 937 453 988 cogitationibus
481 938 708 989 studiisque
736 934 985 978 coniunctus*
998 931 1094 985 fuit,
1132 950 1250 989 quam
1288 940 1333 976 ut
1368 931 1525 976 omnem
1555 937 1644 975 ina-

141 1011 309 1049 nitatem
338 1009 651 1062 opinionumque
677 1010 931 1062 pravitatem,
960 1022 1060 1062 quae
1087 1014 1170 1049 tum
1198 1009 1472 1056 invaluerant,
1501 1020 1644 1060 ampu-

142 1085 229 1122 tare
258 1080 631 1134 circumcidereque·
650 1085 800 1134 posset.
856 1082 1015 1133 Optime
1043 1083 1085 1122 G.
1114 1082 1178 1122 Fr.
1205 1081 1457 1121 Hermannus
1473 1080 1506 1131 ³)
1553 1093 1644 1121 eum

143 1166 232 1194 cum
261 1166 376 1194 servo
406 1165 662 1206 comparasse
689 1152 787 1193 mihi
814 1166 972 1207 semper
999 1155 1108 1194 visus
1138 1157 1211 1202 est,
1241 1154 1322 1206 qui,
1351 1154 1534 1205 quamvis
1556 1154 1645 1192 vin-

144 1227 235 1267 cula
267 1226 476 1276 fregisset,
516 1227 557 1266 in
597 1227 768 1279 patriam
795 1230 932 1267 tamen
960 1228 1092 1267 redire
1129 1227 1306 1268 nesciret
1341 1237 1469 1277 neque
1510 1225 1645 1265 focum

144 1300 347 1352 laremque
375 1298 615 1339 familiarem
646 1301 891 1340 constituere
919 1300 997 1340 sibi
1024 1302 1177 1352 posset.

249 1376 339 1442 Sed,
367 1396 412 1432 ut
437 1392 613 1439 redeam,
641 1393 748 1432 unde
777 1405 944 1433 exorsus
972 1406 1083 1441 sum,
1122 1393 1172 1432 lis
1218 1392 1325 1432 inter
1368 1391 1647 1431 Alexandrum

144 1469 184 1512 et
210 1450 477 1504 Hannibalem
506 1465 555 1504 de
585 1476 741 1506 summa
767 1465 1030 1517 imperatoria
1045 1464 1165 1505 laude
1181 1466 1383 1505 commota
1400 1463 1457 1515 (d.
1475 1476 1526 1503 m.
1539 1463 1647 1512 XII),

143 1538 222 1577 nisi
261 1537 368 1589 apud
394 1538 543 1577 inferos
573 1535 780 1590 ὶσοτιμὶαν
792 1538 827 1588 ⁴)
856 1550 944 1577 esse
972 1550 993 1578 e
1020 1539 1213 1578 memoria
1241 1536 1560 1589 deposuerimus,
1587 1536 1648 1575 lo-

147 1613 238 1650 cum
265 1609 412 1649 habere
441 1622 518 1649 non
545 1610 691 1662 potuit.
746 1609 848 1658 Quid
877 1609 982 1662 quod
1008 1613 1095 1650 tota
1123 1609 1374 1659 dialogorum
1401 1613 1650 1649 mortuorum

145 1684 249 1724 ratio
282 1683 409 1723 everti
435 1687 596 1735 posset,
634 1682 670 1722 si
695 1682 918 1724 Lucianum
940 1683 1122 1723 notiones
1151 1683 1440 1735 opinionesque
1470 1682 1520 1722 de
1548 1682 1651 1722 infe-

146 1755 203 1795 ris
232 1768 257 1795 a
287 1755 491 1795 veteribus
521 1758 736 1808 conceptas
766 1756 928 1795 omnino
959 1756 1073 1807 sequi
1101 1756 1287 1795 debuisse
1330 1753 1534 1794 vellemus.
1587 1754 1651 1793 Ex

151 1840 198 1868 ea
226 1828 330 1868 enim
358 1840 401 1867 re
428 1839 566 1867 omnes
594 1828 678 1867 fere
706 1829 895 1879 pendent,
925 1828 1028 1880 quod
1057 1829 1224 1873 mortui,
1243 1875 1249 1879 Ι
1268 1840 1347 1879 qua
1383 1827 1460 1879 ipsi
1497 1828 1539 1867 in
1568 1828 1651 1867 vita

150 1899 382 1940 condicione
408 1900 471 1939 usi
499 1900 593 1950 sint,
620 1912 817 1953 memores
846 1905 950 1941 sunt.
1006 1901 1154 1941 Notum
1183 1912 1279 1940 vero
1308 1902 1370 1940 est
1395 1903 1574 1940 mortuos
1601 1912 1651 1939 ex

234 2076 270 2117 1)
297 2075 332 2108 C.
357 2076 396 2108 G.
419 2076 529 2108 Jacob.
556 2076 585 2108 1.
610 2086 636 2107 c.
659 2086 691 2118 p.
715 2076 892 2110 169—193.
916 2087 947 2119 p.
973 2077 1045 2110 169.
1078 2077 1200 2110 Lucion
1222 2078 1266 2109 ist
1286 2077 1339 2109 nie
1361 2076 1458 2109 frivol
1480 2075 1559 2108 oder
1579 2075 1649 2108 liis-

146 2140 230 2177 tern‚
252 2147 305 2168 um
328 2139 414 2169 seine
437 2138 535 2169 Leser
557 2138 655 2170 durch
679 2138 876 2179 schlfipfrige
912 2138 1164 2179 Schilderungen
1197 2148 1235 2170 zu
1265 2138 1481 2178 unterhalten,
1511 2138 1650 2171 sondern

148 2198 350 2239 dergleichen
373 2199 495 2231 Scenen
519 2198 602 2238 sind,
623 2209 675 2231 wo
699 2209 734 2231 er
756 2201 801 2231 sie
830 2194 1023 2237 beschreibt,
1057 2202 1158 2232 einem
1191 2201 1332 2232 hoheren
1366 2201 1477 2232 Zweck
1500 2203 1650 2240 unterge-

149 2260 279 2300 ordnet3
303 2259 384 2291 denn
407 2269 442 2291 er
464 2261 531 2292 will
554 2262 778 2300 abschrecken,
799 2262 920 2302 lehren,
944 2265 1067 2294 niitzen.
1113 2263 1153 2294 cf.
1176 2272 1254 2303 quae
1277 2265 1386 2294 contra
1417 2262 1593 2303 disputavit
1615 2262 1650 2294 C.

149 2322 207 2355 Fr.
243 2312 417 2354 Hermann.
439 2321 461 2353 1.
485 2333 513 2354 c.
538 2333 570 2365 p.
594 2323 667 2356 226.
713 2324 773 2356 Die
804 2325 926 2365 einzige
958 2324 1234 2365 Entschuldigung
1263 2324 1343 2365 liegt
1375 2325 1417 2356 im
1453 2324 1652 2357 Geschmack

149 2384 255 2416 seiner
278 2384 346 2416 Zeit
366 2383 430 2416 und
452 2382 508 2415 der
531 2384 757 2427 Veranderung
778 2386 884 2419 seiner
905 2386 1037 2427 eigenen
1058 2386 1386 2427 Lebensrichtungen.

233 2446 270 2486 2)
294 2446 506 2479 Tzschirnerz
527 2445 584 2477 der
604 2446 677 2478 Fau
699 2447 755 2480 des
776 2447 1018 2480 Heidenthums.

534 2507 583 2539 ed.
608 2508 762 2541 Niedner.
786 2510 922 2551 Leipzig
944 2510 1027 2543 1829
1047 2519 1080 2550 p.
1105 2509 1176 2542 154.
1201 2510 1273 2542 155.

235 2569 270 2608 3)
295 2569 315 2599 1.
338 2578 366 2600 c.
389 2578 423 2608 p.
447 2570 519 2602 215.
1208 2587 1211 2589 ·

236 2640 274 2681 4)
297 2640 370 2673 dial.
394 2644 487 2675 mort.
512 2644 539 2681 1,
564 2643 593 2675 4.
618 2642 682 2681 XV,
706 2642 737 2674 2.
760 2642 878 2682 XXVI,
904 2643 935 2677 2.
