1860 2936
721 146 1085 195 -25⁹‘..

165 275 231 302 ma
259 262 513 314 imperatoris
540 260 660 300 laude
686 261 973 302 contendentes
1000 260 1257 310 inducuntur,
1287 273 1337 302 ex
1352 262 1523 302 historia
1539 259 1664 301 collo-

165 335 270 387 quii,
298 335 403 387 quod
430 333 579 386 Ephesi
606 333 789 373 habitum
829 346 854 373 a
880 330 1068 386 Scipione
1098 332 1292 374 Africano
1320 334 1479 377 Livius.
1508 334 1665 387 Appia-

168 419 258 454 nus,
286 405 526 446 Plutarchus
553 406 759 454 referunt,
787 405 1008 446 Lucianum
1050 406 1262 458 repetiisse
1297 407 1515 447 verisimile
1553 407 1664 456 est1)

164 478 377 529 Dialogum
407 477 556 517 Xmum
585 490 635 517 ex
663 477 845 518 Platonis
874 479 1025 529 Gorgia
1053 492 1089 531 p.
1118 479 1210 524 526,
1236 479 1313 519 527
1342 484 1545 532 sumptum
1576 490 1665 519 esse

163 550 493 590 Hemste‘rhusius
524 550 756 605 observavit
773 551 818 597 2).
872 550 1062 603 Reliquos
1090 550 1272 601 dialogos
1312 552 1513 592 Lucianus
1542 564 1564 592 e
1592 563 1664 591 suo

164 623 279 664 dedit
306 625 427 675 atque
453 623 512 662 ita
538 623 726 670 instituit,
753 628 797 663 ut
826 622 922 663 deos
950 627 991 663 et
1016 627 1173 663 mortus
1202 625 1251 664 de
1278 638 1321 664 re
1349 626 1537 677 quapiam
1568 636 1664 664 con-

162 696 391 736 fabulantes
419 696 641 735 induceret.

269 768 519 820 Quamquam
547 769 588 807 in
615 769 850 808 universum
878 768 1039 820 quidem
1067 781 1207 809 omnes
1237 773 1481 810 mortuorum
1510 769 1665 820 dialogi

164 854 213 882 ea
238 853 281 881 re
309 840 449 880 affines
478 840 710 892 similesque
738 844 851 888 sunt,
880 837 988 903 quqd
1015 852 1112 881 suae
1141 842 1287 881 aetatis
1328 843 1426 882 vitia
1452 846 1595 892 argute
1624 844 1665 882 et

165 914 271 954 salse
296 913 498 954 Lucianus
527 914 708 961 notavit,
727 914 828 965 ipsa
856 917 988 955 tamen
1017 914 1212 954 eiusmodi
1239 914 1488 964 dialogorum
1518 919 1665 955 natura

164 999 298 1027 secum
327 986 417 1033 fert,
443 990 488 1025 ut
514 985 620 1025 inter
651 986 852 1035 singulos,
882 987 1027 1038 quippe
1056 999 1224 1039 quorum
1252 987 1527 1039 unusquisque
1562 987 1664 1026 ima-

162 1061 296 1110 ginem
323 1059 545 1111 perfectam
574 1058 897 1111 singularemque
926 1058 1098 1107 efficiat,
1129 1072 1254 1099 nexus
1290 1063 1360 1099 aut
1400 1061 1561 1099 tenuior
1594 1063 1665 1099 aut

162 1132 297 1171 nullus
326 1132 563 1171 intercedat.
601 1131 959 1171 verumenimvero
987 1132 1150 1184 paulum
1181 1132 1302 1171 aliter
1327 1144 1393 1171 res
1422 1134 1462 1171 in
1491 1132 1549 1172 eis
1575 1132 1662 1172 dia-

162 1206 281 1256 logis,
308 1206 350 1245 in
378 1204 521 1257 quibus
550 1205 762 1257 Menippus
791 1206 941 1257 primas
957 1210 1092 1257 partes
1122 1206 1218 1255 agit,
1250 1217 1337 1245 sese
1365 1205 1498 1245 habet.
1529 1204 1663 1246 Facile

165 1280 271 1318 enim
298 1279 337 1316 in
366 1277 427 1317 his
458 1280 572 1325 (sunt
600 1281 735 1316 autem
763 1277 840 1328 XI)
877 1278 1077 1317 Lucianus
1114 1289 1200 1316 eam
1248 1278 1448 1317 rationem
1476 1278 1663 1329 persequi

162 1351 314 1402 potuit,
344 1354 387 1389 ut
415 1361 478 1389 res
507 1349 563 1388 eis
593 1349 852 1390 adumbratae
880 1351 991 1392 inter
1012 1362 1054 1389 se
1083 1351 1202 1401 aptae
1232 1362 1486 1401 conexaeque
1516 1353 1664 1399 essent,

163 1426 203 1462 et
232 1435 332 1474 quae
356 1422 404 1461 de
433 1421 622 1472 Menippo
651 1426 818 1461 narrata
844 1425 948 1468 sunt,
979 1422 1159 1460 ordinem
1188 1422 1302 1472 quasi
1332 1420 1664 1471 chronologicum

163 1494 407 1534 exhiberent.
1109 1490 1112 1492 ’

267 1567 380 1614 Quod
408 1569 452 1606 ut
478 1566 640 1616 faceret,
670 1568 826 1606 tantum
854 1566 996 1615 abfuit,
1024 1569 1069 1605 ut
1101 1569 1141 1606 et
1169 1578 1270 1619 quae
1298 1566 1424 1607 semel
1452 1579 1501 1606 ex
1529 1578 1665 1607 rerum

162 1644 308 1680 natura
336 1640 372 1679 ei
401 1639 584 1679 accidere
612 1641 843 1691 potuerunt,
870 1639 1031 1690 saepius
1059 1639 1256 1678 accidisse
1283 1640 1464 1687 referret,
1493 1642 1533 1679 et
1561 1652 1664 1691 quae

162 1713 227 1752 hic
258 1712 340 1751 illic
370 1711 419 1750 de
448 1723 494 1750 eo
524 1712 632 1751 dicta
660 1714 766 1759 sunt,
793 1722 963 1763 prorsus
992 1711 1197 1750 contraria
1225 1713 1374 1751 essent.

270 1784 354 1824 Iam
391 1784 555 1823 Jensius
570 1784 603 1832 ³)
641 1786 682 1824 et
719 1782 971 1824 Wielandius
987 1783 1023 1834 4)
1061 1788 1300 1823 monuerunt
1325 1783 1546 1824 Lucianum
1582 1784 1665 1823 sin-

161 1856 275 1907 gulos
304 1855 485 1906 dialogos
512 1856 618 1895 inter
647 1867 691 1896 se
720 1858 928 1896 conectere
958 1858 998 1895 et
1028 1855 1216 1905 colligere
1251 1855 1442 1896 noluisse.
1497 1855 1577 1897 Sed
1606 1856 1665 1895 vi-

162 1930 327 1970 deamus
355 1928 527 1978 singula,
562 1928 729 1968 Decimo
758 1929 916 1979 dialogo
936 1928 1160 1980 complures
1188 1929 1351 1976 mortui,
1380 1941 1457 1980 quo
1471 1929 1665 1969 innume-

160 2014 204 2040 ro
235 2000 449 2053 Menippus
477 2002 558 2049 cst,
587 2012 611 2039 a
638 2000 837 2041 Mercurio
867 2002 906 2039 et
932 1992 1139 2040 ‘Charonte
1175 2013 1249 2053 per
1288 2000 1421 2041 lacum
1464 2000 1664 2040 infernum

163 2074 405 2113 traiciuntur
437 2075 583 2124 atque,
611 2073 681 2112 ubi
707 2073 880 2125 primum
905 2071 1162 2124 adpulerunt,
1191 2072 1259 2111 ille
1288 2073 1451 2125 quidem
1480 2084 1571 2113 cum
1599 2085 1663 2112 re-

159 2146 277 2198 liquis
305 2146 475 2185 mortuis
505 2145 740 2198 procedunt,
762 2136 990 2185 Mercurius
1016 2156 1112 2184 vero
1142 2148 1183 2184 et
1210 2144 1369 2185 Charon
1396 2146 1534 2186 statim
1561 2145 1662 2186 alios

161 2218 388 2259 traducturi
416 2218 665 2269 renavigant.
720 2217 829 2258 Idem
858 2221 992 2258 autem
1020 2216 1235 2269 Menippus
1263 2217 1425 2270 saepius
1453 2219 1496 2258 in
1523 2230 1661 2259 orcum

159 2292 322 2332 veniens
350 2290 536 2340 fingitur3
577 2303 671 2331 nam
699 2289 849 2341 dialogi
885 2288 1071 2331 XVIIImi
1108 2289 1242 2331 verbis
1272 2291 1308 2341 (§
1340 2290 1378 2343 1)
1419 2287 1661 2345 ,ξενάγησόν

245 2459 278 2495 1)
303 2456 574 2488 Hernsterhusius.
599 2456 648 2489 ed.
672 2457 749 2489 Luc.
773 2457 948 2489 Lelmianni
972 2457 1002 2488 ΙΙ
1024 2467 1054 2499 p.
1078 2457 1150 2489 549.

241 2520 277 2559 2)
302 2518 419 2550 ibidem
440 2528 473 2559 p.
495 2517 567 2565 5253.

243 2582 276 2619 3)
301 2580 342 2625 ad,
364 2580 436 2612 dicl.
461 2584 545 2615 mort
581 2581 618 2621 X,
645 2581 662 2612 1
686 2580 734 2613 ed.
759 2581 869 2614 Lelun.
895 2583 925 2612 11
947 2591 977 2623 p.
1001 2581 1074 2614 526.

243 2642 277 2683 4)
303 2643 324 2676 l.
351 2654 377 2676 e.
402 2646 432 2674 11
455 2654 483 2686 p.
507 2643 568 2677 269
593 2643 663 2676 adn.
687 2645 717 2676 5.
