<?xml version="1.0" encoding="UTF-8"?>
<!DOCTYPE html PUBLIC "-//W3C//DTD XHTML 1.0 Transitional//EN"
    "http://www.w3.org/TR/xhtml1/DTD/xhtml1-transitional.dtd">
<html xmlns="http://www.w3.org/1999/xhtml" xml:lang="en" lang="en">
 <head>
  <title>
</title>
<meta http-equiv="Content-Type" content="text/html;charset=utf-8" />
  <meta name='ocr-system' content='tesseract 3.04.00' />
  <meta name='ocr-capabilities' content='ocr_page ocr_carea ocr_par ocr_line ocrx_word'/>
</head>
<body>
  <div class='ocr_page' id='page_1' title='image "4737226_0019.png"; bbox 0 0 1860 2936; ppageno 0'>
   <div class='ocr_carea' id='block_1_1' title="bbox 750 166 1114 207">
    <p class='ocr_par' dir='ltr' id='par_1_1' title="bbox 750 166 1114 207">
     <span class='ocr_line' id='line_1_1' title="bbox 750 166 1114 207; baseline -0.005 -10"><span class='ocrx_word' id='word_1_1' title='bbox 750 188 799 197; x_wconf 85' lang='lat'>...</span> <span class='ocrx_word' id='word_1_2' title='bbox 908 166 955 207; x_wconf 74' lang='lat'>11</span> <span class='ocrx_word' id='word_1_3' title='bbox 1064 187 1114 195; x_wconf 39' lang='grc' dir='ltr'>ᾦ</span> 
     </span>
    </p>
   </div>
   <div class='ocr_carea' id='block_1_2' title="bbox 165 269 1725 2274">
    <p class='ocr_par' dir='ltr' id='par_1_2' title="bbox 180 269 1681 684">
     <span class='ocr_line' id='line_1_2' title="bbox 183 269 1681 327; baseline -0.003 -15"><span class='ocrx_word' id='word_1_4' title='bbox 183 269 305 313; x_wconf 86' lang='lat' dir='ltr'>tionis</span> <span class='ocrx_word' id='word_1_5' title='bbox 329 273 520 322; x_wconf 85' lang='lat' dir='ltr'>formam,</span> <span class='ocrx_word' id='word_1_6' title='bbox 563 283 682 324; x_wconf 87' lang='lat' dir='ltr'>quam</span> <span class='ocrx_word' id='word_1_7' title='bbox 711 272 847 327; x_wconf 82' lang='lat' dir='ltr'>satiris</span> <span class='ocrx_word' id='word_1_8' title='bbox 875 272 1020 322; x_wconf 87' lang='lat' dir='ltr'>induit,</span> <span class='ocrx_word' id='word_1_9' title='bbox 1049 271 1282 312; x_wconf 70' lang='lat' dir='ltr'>excoluerit.</span> <span class='ocrx_word' id='word_1_10' title='bbox 1339 272 1469 318; x_wconf 83' lang='lat' dir='ltr'><strong>Quare</strong></span> <span class='ocrx_word' id='word_1_11' title='bbox 1498 271 1549 311; x_wconf 86' lang='lat' dir='ltr'>ad</span> <span class='ocrx_word' id='word_1_12' title='bbox 1579 270 1681 309; x_wconf 88' lang='lat' dir='ltr'>hanc</span> 
     </span>
     <span class='ocr_line' id='line_1_3' title="bbox 183 343 1679 400; baseline -0.003 -15"><span class='ocrx_word' id='word_1_13' title='bbox 183 346 460 397; x_wconf 74' lang='lat' dir='ltr'>quaestionem</span> <span class='ocrx_word' id='word_1_14' title='bbox 507 345 798 385; x_wconf 83' lang='lat' dir='ltr'>decernendam</span> <span class='ocrx_word' id='word_1_15' title='bbox 843 343 1011 384; x_wconf 88' lang='lat' dir='ltr'>Luciani</span> <span class='ocrx_word' id='word_1_16' title='bbox 1050 344 1172 383; x_wconf 89' lang='lat' dir='ltr'>verba</span> <span class='ocrx_word' id='word_1_17' title='bbox 1208 344 1251 400; x_wconf 75' lang='lat' dir='ltr'>in</span> <span class='ocrx_word' id='word_1_18' title='bbox 1295 348 1475 384; x_wconf 83' lang='lat' dir='ltr'>neutram</span> <span class='ocrx_word' id='word_1_19' title='bbox 1522 346 1679 396; x_wconf 87' lang='lat' dir='ltr'>partem</span> 
     </span>
     <span class='ocr_line' id='line_1_4' title="bbox 182 401 1680 469; baseline -0.002 -13"><span class='ocrx_word' id='word_1_20' title='bbox 182 416 317 457; x_wconf 81' lang='lat' dir='ltr'>afferri</span> <span class='ocrx_word' id='word_1_21' title='bbox 336 419 514 469; x_wconf 82' lang='lat' dir='ltr'><strong>possunt.</strong></span> <span class='ocrx_word' id='word_1_22' title='bbox 555 416 899 456; x_wconf 20' lang='lat' dir='ltr'>Similiter-retiam</span> <span class='ocrx_word' id='word_1_23' title='bbox 921 401 967 456; x_wconf 77' lang='lat' dir='ltr'>in</span> <span class='ocrx_word' id='word_1_24' title='bbox 995 414 1263 461; x_wconf 85' lang='lat' dir='ltr'>‚Prometheo‘</span> <span class='ocrx_word' id='word_1_25' title='bbox 1289 418 1343 464; x_wconf 67' lang='grc' dir='ltr'>(ξ.</span> <span class='ocrx_word' id='word_1_26' title='bbox 1360 418 1403 459; x_wconf 83' lang='grc'>6)</span> <span class='ocrx_word' id='word_1_27' title='bbox 1432 428 1475 456; x_wconf 87' lang='lat' dir='ltr'>se</span> <span class='ocrx_word' id='word_1_28' title='bbox 1502 416 1680 467; x_wconf 90' lang='lat' dir='ltr'>primum</span> 
     </span>
     <span class='ocr_line' id='line_1_5' title="bbox 183 486 1678 539; baseline -0.001 -11"><span class='ocrx_word' id='word_1_29' title='bbox 183 489 384 538; x_wconf 81' lang='lat' dir='ltr'>dialogum</span> <span class='ocrx_word' id='word_1_30' title='bbox 414 493 455 529; x_wconf 89' lang='lat' dir='ltr'>et</span> <span class='ocrx_word' id='word_1_31' title='bbox 483 488 730 528; x_wconf 86' lang='lat' dir='ltr'>comoediam</span> <span class='ocrx_word' id='word_1_32' title='bbox 760 488 1019 528; x_wconf 81' lang='lat' dir='ltr'>coniunxisse</span> <span class='ocrx_word' id='word_1_33' title='bbox 1047 486 1283 534; x_wconf 80' lang='lat' dir='ltr'>affirmavit3</span> <span class='ocrx_word' id='word_1_34' title='bbox 1325 488 1401 528; x_wconf 52' lang='lat' dir='ltr'>sed&#39;</span> <span class='ocrx_word' id='word_1_35' title='bbox 1423 488 1480 528; x_wconf 91' lang='lat' dir='ltr'>ibi</span> <span class='ocrx_word' id='word_1_36' title='bbox 1521 499 1678 539; x_wconf 90' lang='lat' dir='ltr'>quoque</span> 
     </span>
     <span class='ocr_line' id='line_1_6' title="bbox 181 559 1678 612; baseline -0.001 -12"><span class='ocrx_word' id='word_1_37' title='bbox 181 560 350 601; x_wconf 89' lang='lat' dir='ltr'>multum</span> <span class='ocrx_word' id='word_1_38' title='bbox 390 562 473 600; x_wconf 90' lang='lat' dir='ltr'>eius</span> <span class='ocrx_word' id='word_1_39' title='bbox 502 559 700 609; x_wconf 84' lang='lat' dir='ltr'>interfuit,</span> <span class='ocrx_word' id='word_1_40' title='bbox 738 573 791 600; x_wconf 89' lang='lat' dir='ltr'>ne</span> <span class='ocrx_word' id='word_1_41' title='bbox 829 560 947 600; x_wconf 87' lang='lat' dir='ltr'>etiam</span> <span class='ocrx_word' id='word_1_42' title='bbox 989 571 1047 607; x_wconf 86' lang='lat' dir='ltr'>ea,</span> <span class='ocrx_word' id='word_1_43' title='bbox 1085 572 1186 611; x_wconf 88' lang='lat' dir='ltr'>quae</span> <span class='ocrx_word' id='word_1_44' title='bbox 1215 571 1239 599; x_wconf 87' lang='lat' dir='ltr'>a</span> <span class='ocrx_word' id='word_1_45' title='bbox 1265 560 1450 612; x_wconf 85' lang='lat' dir='ltr'>Menippo</span> <span class='ocrx_word' id='word_1_46' title='bbox 1490 560 1678 611; x_wconf 87' lang='lat' dir='ltr'>deprom-</span> 
     </span>
     <span class='ocr_line' id='line_1_7' title="bbox 180 632 904 684; baseline 0 -11"><span class='ocrx_word' id='word_1_47' title='bbox 180 634 342 684; x_wconf 84' lang='lat' dir='ltr'>psisset,</span> <span class='ocrx_word' id='word_1_48' title='bbox 371 632 623 673; x_wconf 85' lang='lat' dir='ltr'>defendenda</span> <span class='ocrx_word' id='word_1_49' title='bbox 649 632 726 672; x_wconf 87' lang='lat' dir='ltr'>sibi</span> <span class='ocrx_word' id='word_1_50' title='bbox 755 635 904 673; x_wconf 83' lang='lat' dir='ltr'>essent.</span> 
     </span>
    </p>

    <p class='ocr_par' dir='ltr' id='par_1_3' title="bbox 165 702 1725 2274">
     <span class='ocr_line' id='line_1_8' title="bbox 285 702 1677 757; baseline -0.001 -13"><span class='ocrx_word' id='word_1_51' title='bbox 285 702 422 757; x_wconf 84' lang='lat' dir='ltr'>Neque</span> <span class='ocrx_word' id='word_1_52' title='bbox 450 717 545 745; x_wconf 89' lang='lat' dir='ltr'>vero</span> <span class='ocrx_word' id='word_1_53' title='bbox 574 705 703 745; x_wconf 91' lang='lat' dir='ltr'>solum</span> <span class='ocrx_word' id='word_1_54' title='bbox 731 703 831 745; x_wconf 87' lang='lat' dir='ltr'>illud</span> <span class='ocrx_word' id='word_1_55' title='bbox 861 703 1020 745; x_wconf 88' lang='lat' dir='ltr'>dicendi</span> <span class='ocrx_word' id='word_1_56' title='bbox 1048 714 1174 754; x_wconf 88' lang='lat' dir='ltr'>genus</span> <span class='ocrx_word' id='word_1_57' title='bbox 1203 716 1227 743; x_wconf 82' lang='lat' dir='ltr'>a</span> <span class='ocrx_word' id='word_1_58' title='bbox 1256 703 1443 756; x_wconf 89' lang='lat' dir='ltr'>Menippo</span> <span class='ocrx_word' id='word_1_59' title='bbox 1473 704 1677 744; x_wconf 88' lang='lat' dir='ltr'>Lucianus</span> 
     </span>
     <span class='ocr_line' id='line_1_9' title="bbox 180 776 1677 830; baseline -0.001 -13"><span class='ocrx_word' id='word_1_60' title='bbox 180 779 364 830; x_wconf 82' lang='lat' dir='ltr'>sumpsit,</span> <span class='ocrx_word' id='word_1_61' title='bbox 392 779 463 818; x_wconf 89' lang='lat' dir='ltr'>sed</span> <span class='ocrx_word' id='word_1_62' title='bbox 493 780 613 818; x_wconf 88' lang='lat' dir='ltr'>etiam</span> <span class='ocrx_word' id='word_1_63' title='bbox 643 782 881 827; x_wconf 83' lang='lat' dir='ltr'>argumenta</span> <span class='ocrx_word' id='word_1_64' title='bbox 908 778 1062 825; x_wconf 85' lang='lat' dir='ltr'>eadem,</span> <span class='ocrx_word' id='word_1_65' title='bbox 1092 780 1214 828; x_wconf 90' lang='lat' dir='ltr'>atque</span> <span class='ocrx_word' id='word_1_66' title='bbox 1235 777 1315 826; x_wconf 89' lang='lat' dir='ltr'>ille,</span> <span class='ocrx_word' id='word_1_67' title='bbox 1343 776 1543 817; x_wconf 85' lang='lat' dir='ltr'>nonnullis</span> <span class='ocrx_word' id='word_1_68' title='bbox 1562 776 1677 816; x_wconf 89' lang='lat' dir='ltr'>libris</span> 
     </span>
     <span class='ocr_line' id='line_1_10' title="bbox 178 847 1676 901; baseline -0.001 -12"><span class='ocrx_word' id='word_1_69' title='bbox 178 847 382 889; x_wconf 82' lang='lat' dir='ltr'>tractavit.</span> <span class='ocrx_word' id='word_1_70' title='bbox 437 848 615 889; x_wconf 87' lang='lat' dir='ltr'>Primum</span> <span class='ocrx_word' id='word_1_71' title='bbox 642 849 801 901; x_wconf 88' lang='lat' dir='ltr'>quidem</span> <span class='ocrx_word' id='word_1_72' title='bbox 829 850 873 888; x_wconf 93' lang='lat' dir='ltr'>in</span> <span class='ocrx_word' id='word_1_73' title='bbox 916 847 1193 896; x_wconf 79' lang='lat' dir='ltr'>,Hermotimo‘</span> <span class='ocrx_word' id='word_1_74' title='bbox 1230 849 1279 888; x_wconf 89' lang='lat' dir='ltr'>ab</span> <span class='ocrx_word' id='word_1_75' title='bbox 1308 848 1383 888; x_wconf 83' lang='lat' dir='ltr'>hoc</span> <span class='ocrx_word' id='word_1_76' title='bbox 1413 849 1554 901; x_wconf 87' lang='lat' dir='ltr'>cynico</span> <span class='ocrx_word' id='word_1_77' title='bbox 1585 859 1676 887; x_wconf 91' lang='lat' dir='ltr'>eum</span> 
     </span>
     <span class='ocr_line' id='line_1_11' title="bbox 178 918 1675 974; baseline -0.001 -12"><span class='ocrx_word' id='word_1_78' title='bbox 178 925 307 962; x_wconf 91' lang='lat' dir='ltr'>totum</span> <span class='ocrx_word' id='word_1_79' title='bbox 349 924 522 974; x_wconf 88' lang='lat' dir='ltr'>pendere</span> <span class='ocrx_word' id='word_1_80' title='bbox 559 935 583 961; x_wconf 89' lang='lat' dir='ltr'>a</span> <span class='ocrx_word' id='word_1_81' title='bbox 618 918 686 962; x_wconf 87' lang='lat' dir='ltr'>Fr.</span> <span class='ocrx_word' id='word_1_82' title='bbox 730 921 996 972; x_wconf 81' lang='lat' dir='ltr'>Fritzsohio1)</span> <span class='ocrx_word' id='word_1_83' title='bbox 1038 922 1357 961; x_wconf 85' lang='lat' dir='ltr'>demonstratum</span> <span class='ocrx_word' id='word_1_84' title='bbox 1395 925 1466 960; x_wconf 89' lang='lat' dir='ltr'>est.</span> <span class='ocrx_word' id='word_1_85' title='bbox 1522 920 1587 959; x_wconf 83' lang='lat' dir='ltr'>Ex</span> <span class='ocrx_word' id='word_1_86' title='bbox 1628 933 1675 961; x_wconf 89' lang='lat' dir='ltr'>eo</span> 
     </span>
     <span class='ocr_line' id='line_1_12' title="bbox 178 992 1677 1045; baseline -0.001 -12"><span class='ocrx_word' id='word_1_87' title='bbox 178 995 280 1034; x_wconf 90' lang='lat' dir='ltr'>enim</span> <span class='ocrx_word' id='word_1_88' title='bbox 299 999 338 1034; x_wconf 90' lang='lat' dir='ltr'>et</span> <span class='ocrx_word' id='word_1_89' title='bbox 353 997 467 1033; x_wconf 84' lang='lat' dir='ltr'>tanta</span> <span class='ocrx_word' id='word_1_90' title='bbox 483 993 648 1033; x_wconf 87' lang='lat' dir='ltr'>Luciani</span> <span class='ocrx_word' id='word_1_91' title='bbox 666 993 868 1045; x_wconf 83' lang='lat' dir='ltr'>scepticae</span> <span class='ocrx_word' id='word_1_92' title='bbox 883 992 1160 1045; x_wconf 83' lang='lat' dir='ltr'>philosophiae</span> <span class='ocrx_word' id='word_1_93' title='bbox 1174 993 1344 1033; x_wconf 88' lang='lat' dir='ltr'>scientia</span> <span class='ocrx_word' id='word_1_94' title='bbox 1361 992 1505 1042; x_wconf 82' lang='lat' dir='ltr'>elucet,</span> <span class='ocrx_word' id='word_1_95' title='bbox 1524 995 1677 1044; x_wconf 86' lang='lat' dir='ltr'>quanta</span> 
     </span>
     <span class='ocr_line' id='line_1_13' title="bbox 178 1064 1676 1116; baseline -0.001 -11"><span class='ocrx_word' id='word_1_96' title='bbox 178 1079 266 1106; x_wconf 88' lang='lat' dir='ltr'>eum</span> <span class='ocrx_word' id='word_1_97' title='bbox 284 1067 408 1105; x_wconf 85' lang='lat' dir='ltr'>fuisse</span> <span class='ocrx_word' id='word_1_98' title='bbox 436 1068 676 1105; x_wconf 86' lang='lat' dir='ltr'>instructum</span> <span class='ocrx_word' id='word_1_99' title='bbox 707 1065 798 1105; x_wconf 87' lang='lat' dir='ltr'>aliis</span> <span class='ocrx_word' id='word_1_100' title='bbox 813 1066 914 1104; x_wconf 90' lang='lat' dir='ltr'>locis</span> <span class='ocrx_word' id='word_1_101' title='bbox 932 1071 1041 1105; x_wconf 85' lang='lat' dir='ltr'>certo</span> <span class='ocrx_word' id='word_1_102' title='bbox 1062 1065 1220 1105; x_wconf 89' lang='lat' dir='ltr'>ostendi</span> <span class='ocrx_word' id='word_1_103' title='bbox 1242 1066 1393 1116; x_wconf 89' lang='lat' dir='ltr'>nequit,</span> <span class='ocrx_word' id='word_1_104' title='bbox 1415 1069 1455 1104; x_wconf 87' lang='lat' dir='ltr'>et</span> <span class='ocrx_word' id='word_1_105' title='bbox 1470 1064 1600 1104; x_wconf 85' lang='lat' dir='ltr'>multa</span> <span class='ocrx_word' id='word_1_106' title='bbox 1614 1066 1676 1103; x_wconf 82' lang='lat' dir='ltr'>in-</span> 
     </span>
     <span class='ocr_line' id='line_1_14' title="bbox 178 1136 1674 1189; baseline 0.001 -13"><span class='ocrx_word' id='word_1_107' title='bbox 178 1138 404 1185; x_wconf 89' lang='lat' dir='ltr'>veniuntur,</span> <span class='ocrx_word' id='word_1_108' title='bbox 434 1149 535 1189; x_wconf 89' lang='lat' dir='ltr'>quae</span> <span class='ocrx_word' id='word_1_109' title='bbox 564 1137 804 1177; x_wconf 85' lang='lat' dir='ltr'>verbotenus</span> <span class='ocrx_word' id='word_1_110' title='bbox 831 1137 913 1177; x_wconf 83' lang='lat' dir='ltr'>fere</span> <span class='ocrx_word' id='word_1_111' title='bbox 942 1148 1033 1177; x_wconf 91' lang='lat' dir='ltr'>cum</span> <span class='ocrx_word' id='word_1_112' title='bbox 1049 1137 1172 1177; x_wconf 84' lang='lat' dir='ltr'>Sexto</span> <span class='ocrx_word' id='word_1_113' title='bbox 1190 1136 1394 1188; x_wconf 88' lang='lat' dir='ltr'>Empirico</span> <span class='ocrx_word' id='word_1_114' title='bbox 1418 1139 1674 1178; x_wconf 88' lang='lat' dir='ltr'>conveniunt.</span> 
     </span>
     <span class='ocr_line' id='line_1_15' title="bbox 177 1208 1675 1262; baseline -0.001 -13"><span class='ocrx_word' id='word_1_115' title='bbox 177 1211 308 1257; x_wconf 84' lang='lat' dir='ltr'>Quare</span> <span class='ocrx_word' id='word_1_116' title='bbox 337 1223 425 1249; x_wconf 91' lang='lat' dir='ltr'>cum</span> <span class='ocrx_word' id='word_1_117' title='bbox 453 1210 565 1261; x_wconf 91' lang='lat' dir='ltr'>ipsos</span> <span class='ocrx_word' id='word_1_118' title='bbox 593 1210 699 1249; x_wconf 88' lang='lat' dir='ltr'>inter</span> <span class='ocrx_word' id='word_1_119' title='bbox 725 1222 768 1249; x_wconf 91' lang='lat' dir='ltr'>se</span> <span class='ocrx_word' id='word_1_120' title='bbox 796 1221 1046 1262; x_wconf 84' lang='lat' dir='ltr'>nequaquam</span> <span class='ocrx_word' id='word_1_121' title='bbox 1074 1208 1289 1249; x_wconf 85' lang='lat' dir='ltr'>cohaerere</span> <span class='ocrx_word' id='word_1_122' title='bbox 1305 1220 1428 1260; x_wconf 83' lang='lat' dir='ltr'>posse</span> <span class='ocrx_word' id='word_1_123' title='bbox 1449 1213 1675 1261; x_wconf 89' lang='lat' dir='ltr'>temporum</span> 
     </span>
     <span class='ocr_line' id='line_1_16' title="bbox 174 1275 1674 1332; baseline 0 -12"><span class='ocrx_word' id='word_1_124' title='bbox 174 1283 330 1322; x_wconf 86' lang='lat' dir='ltr'>ratione</span> <span class='ocrx_word' id='word_1_125' title='bbox 359 1286 528 1328; x_wconf 87' lang='lat' dir='ltr'>constet,</span> <span class='ocrx_word' id='word_1_126' title='bbox 558 1293 608 1321; x_wconf 81' lang='lat' dir='ltr'>ex</span> <span class='ocrx_word' id='word_1_127' title='bbox 636 1281 837 1321; x_wconf 90' lang='lat' dir='ltr'>communi</span> <span class='ocrx_word' id='word_1_128' title='bbox 864 1281 1005 1321; x_wconf 84' lang='lat' dir='ltr'>ambos</span> <span class='ocrx_word' id='word_1_129' title='bbox 1031 1283 1142 1320; x_wconf 87' lang='lat' dir='ltr'>fonte</span> <span class='ocrx_word' id='word_1_130' title='bbox 1161 1281 1341 1320; x_wconf 84' lang='lat' dir='ltr'>hausisse</span> <span class='ocrx_word' id='word_1_131' title='bbox 1356 1284 1530 1332; x_wconf 85' lang='lat' dir='ltr'>oportet.</span> <span class='ocrx_word' id='word_1_132' title='bbox 1557 1275 1674 1321; x_wconf 83' lang='lat' dir='ltr'>Sexti</span> 
     </span>
     <span class='ocr_line' id='line_1_17' title="bbox 173 1343 1672 1406; baseline 0 -13"><span class='ocrx_word' id='word_1_133' title='bbox 173 1365 269 1393; x_wconf 80' lang='lat' dir='ltr'>vero</span> <span class='ocrx_word' id='word_1_134' title='bbox 296 1354 449 1393; x_wconf 88' lang='lat' dir='ltr'>fontem</span> <span class='ocrx_word' id='word_1_135' title='bbox 478 1353 658 1393; x_wconf 88' lang='lat' dir='ltr'>Timonis</span> <span class='ocrx_word' id='word_1_136' title='bbox 685 1352 798 1393; x_wconf 89' lang='lat' dir='ltr'>sillos</span> <span class='ocrx_word' id='word_1_137' title='bbox 825 1353 963 1401; x_wconf 85' lang='lat' dir='ltr'>fuisse,</span> <span class='ocrx_word' id='word_1_138' title='bbox 992 1343 1137 1406; x_wconf 89' lang='lat' dir='ltr'>quibus</span> <span class='ocrx_word' id='word_1_139' title='bbox 1154 1357 1258 1394; x_wconf 85' lang='lat' dir='ltr'>teste</span> <span class='ocrx_word' id='word_1_140' title='bbox 1275 1352 1452 1403; x_wconf 91' lang='lat' dir='ltr'>Diogene</span> <span class='ocrx_word' id='word_1_141' title='bbox 1470 1352 1672 1406; x_wconf 85' lang='lat' dir='ltr'>Laerti02)</span> 
     </span>
     <span class='ocr_line' id='line_1_18' title="bbox 174 1426 1671 1477; baseline 0.001 -13"><span class='ocrx_word' id='word_1_142' title='bbox 174 1427 214 1465; x_wconf 90' lang='lat' dir='ltr'>in</span> <span class='ocrx_word' id='word_1_143' title='bbox 243 1438 379 1465; x_wconf 92' lang='lat' dir='ltr'>omnes</span> <span class='ocrx_word' id='word_1_144' title='bbox 422 1426 676 1465; x_wconf 87' lang='lat' dir='ltr'>inveheretur</span> <span class='ocrx_word' id='word_1_145' title='bbox 719 1428 760 1465; x_wconf 91' lang='lat' dir='ltr'>et</span> <span class='ocrx_word' id='word_1_146' title='bbox 804 1426 1055 1475; x_wconf 84' lang='lat' dir='ltr'>dogmaticos</span> <span class='ocrx_word' id='word_1_147' title='bbox 1094 1427 1405 1477; x_wconf 83' lang='lat' dir='ltr'>perstringeret,</span> <span class='ocrx_word' id='word_1_148' title='bbox 1459 1426 1565 1466; x_wconf 91' lang='lat' dir='ltr'>idem</span> <span class='ocrx_word' id='word_1_149' title='bbox 1608 1426 1671 1466; x_wconf 90' lang='lat' dir='ltr'>Fr.</span> 
     </span>
     <span class='ocr_line' id='line_1_19' title="bbox 173 1496 1674 1550; baseline 0.001 -13"><span class='ocrx_word' id='word_1_150' title='bbox 173 1496 420 1537; x_wconf 89' lang='lat' dir='ltr'>Fritzschius</span> <span class='ocrx_word' id='word_1_151' title='bbox 471 1498 567 1536; x_wconf 91' lang='lat' dir='ltr'>mihi</span> <span class='ocrx_word' id='word_1_152' title='bbox 616 1498 830 1548; x_wconf 86' lang='lat' dir='ltr'>persuasit.</span> <span class='ocrx_word' id='word_1_153' title='bbox 911 1497 1017 1538; x_wconf 88' lang='lat' dir='ltr'>Sane</span> <span class='ocrx_word' id='word_1_154' title='bbox 1065 1498 1225 1550; x_wconf 90' lang='lat' dir='ltr'>quidem</span> <span class='ocrx_word' id='word_1_155' title='bbox 1277 1498 1362 1537; x_wconf 88' lang='lat' dir='ltr'>fieri</span> <span class='ocrx_word' id='word_1_156' title='bbox 1417 1500 1574 1550; x_wconf 78' lang='lat' dir='ltr'>potuit,</span> <span class='ocrx_word' id='word_1_157' title='bbox 1629 1504 1674 1539; x_wconf 91' lang='lat' dir='ltr'>ut</span> 
     </span>
     <span class='ocr_line' id='line_1_20' title="bbox 173 1558 1671 1621; baseline 0.002 -14"><span class='ocrx_word' id='word_1_158' title='bbox 173 1558 292 1608; x_wconf 83' lang='lat' dir='ltr'>etiam</span> <span class='ocrx_word' id='word_1_159' title='bbox 322 1569 523 1608; x_wconf 85' lang='lat' dir='ltr'>Lucianus</span> <span class='ocrx_word' id='word_1_160' title='bbox 551 1569 645 1608; x_wconf 88' lang='lat' dir='ltr'>inde</span> <span class='ocrx_word' id='word_1_161' title='bbox 673 1573 951 1617; x_wconf 81' lang='lat' dir='ltr'>argumentum</span> <span class='ocrx_word' id='word_1_162' title='bbox 988 1570 1262 1620; x_wconf 57' lang='lat' dir='ltr'>depromerem</span> <span class='ocrx_word' id='word_1_163' title='bbox 1297 1570 1547 1621; x_wconf 87' lang='lat' dir='ltr'>probabilius</span> <span class='ocrx_word' id='word_1_164' title='bbox 1578 1583 1671 1611; x_wconf 90' lang='lat' dir='ltr'>vero</span> 
     </span>
     <span class='ocr_line' id='line_1_21' title="bbox 171 1640 1673 1695; baseline 0.002 -15"><span class='ocrx_word' id='word_1_165' title='bbox 171 1644 365 1690; x_wconf 54' lang='lat' dir='ltr'>est,7eum</span> <span class='ocrx_word' id='word_1_166' title='bbox 403 1653 484 1681; x_wconf 90' lang='lat' dir='ltr'>non</span> <span class='ocrx_word' id='word_1_167' title='bbox 521 1642 632 1693; x_wconf 84' lang='lat' dir='ltr'>ipsos</span> <span class='ocrx_word' id='word_1_168' title='bbox 667 1640 843 1680; x_wconf 88' lang='lat' dir='ltr'>Timonis</span> <span class='ocrx_word' id='word_1_169' title='bbox 883 1640 996 1681; x_wconf 89' lang='lat' dir='ltr'>sillos</span> <span class='ocrx_word' id='word_1_170' title='bbox 1036 1641 1287 1694; x_wconf 83' lang='lat' dir='ltr'>inspexisse,</span> <span class='ocrx_word' id='word_1_171' title='bbox 1330 1641 1403 1682; x_wconf 89' lang='lat' dir='ltr'>sed</span> <span class='ocrx_word' id='word_1_172' title='bbox 1438 1642 1673 1695; x_wconf 90' lang='lat' dir='ltr'>Menippum</span> 
     </span>
     <span class='ocr_line' id='line_1_22' title="bbox 171 1713 1672 1767; baseline 0.002 -15"><span class='ocrx_word' id='word_1_173' title='bbox 171 1717 349 1752; x_wconf 88' lang='lat' dir='ltr'>secutum</span> <span class='ocrx_word' id='word_1_174' title='bbox 379 1725 478 1753; x_wconf 89' lang='lat' dir='ltr'>esse.</span> <span class='ocrx_word' id='word_1_175' title='bbox 534 1713 659 1761; x_wconf 87' lang='lat' dir='ltr'>Quem</span> <span class='ocrx_word' id='word_1_176' title='bbox 696 1715 745 1754; x_wconf 91' lang='lat' dir='ltr'>de</span> <span class='ocrx_word' id='word_1_177' title='bbox 785 1713 863 1753; x_wconf 91' lang='lat' dir='ltr'>hoc</span> <span class='ocrx_word' id='word_1_178' title='bbox 903 1719 1141 1763; x_wconf 87' lang='lat' dir='ltr'>argumento</span> <span class='ocrx_word' id='word_1_179' title='bbox 1182 1716 1324 1764; x_wconf 84' lang='lat' dir='ltr'>egisse,</span> <span class='ocrx_word' id='word_1_180' title='bbox 1360 1715 1453 1754; x_wconf 91' lang='lat' dir='ltr'>inde</span> <span class='ocrx_word' id='word_1_181' title='bbox 1492 1721 1672 1767; x_wconf 79' lang='lat' dir='ltr'>apparet,</span> 
     </span>
     <span class='ocr_line' id='line_1_23' title="bbox 170 1783 1673 1839; baseline 0.002 -15"><span class='ocrx_word' id='word_1_182' title='bbox 170 1785 273 1837; x_wconf 92' lang='lat' dir='ltr'>quod</span> <span class='ocrx_word' id='word_1_183' title='bbox 288 1784 419 1825; x_wconf 86' lang='lat' dir='ltr'>Varro</span> <span class='ocrx_word' id='word_1_184' title='bbox 437 1786 606 1825; x_wconf 87' lang='lat' dir='ltr'>satiram</span> <span class='ocrx_word' id='word_1_185' title='bbox 626 1783 1182 1839; x_wconf 56' lang='lat' dir='ltr'>‚vi-sp}-aa‘pioswv‘scripsitss).</span> <span class='ocrx_word' id='word_1_186' title='bbox 1211 1786 1255 1826; x_wconf 91' lang='lat' dir='ltr'>In</span> <span class='ocrx_word' id='word_1_187' title='bbox 1284 1799 1362 1839; x_wconf 83' lang='lat' dir='ltr'>qua</span> <span class='ocrx_word' id='word_1_188' title='bbox 1377 1799 1466 1827; x_wconf 85' lang='lat' dir='ltr'>oum</span> <span class='ocrx_word' id='word_1_189' title='bbox 1494 1787 1673 1839; x_wconf 83' lang='lat' dir='ltr'>philoso-</span> 
     </span>
     <span class='ocr_line' id='line_1_24' title="bbox 170 1857 1669 1911; baseline 0.003 -15"><span class='ocrx_word' id='word_1_190' title='bbox 170 1857 336 1909; x_wconf 89' lang='lat' dir='ltr'>phorum</span> <span class='ocrx_word' id='word_1_191' title='bbox 366 1862 497 1897; x_wconf 88' lang='lat' dir='ltr'>sectas</span> <span class='ocrx_word' id='word_1_192' title='bbox 526 1858 799 1910; x_wconf 85' lang='lat' dir='ltr'>descripserit,</span> <span class='ocrx_word' id='word_1_193' title='bbox 826 1870 991 1898; x_wconf 86' lang='lat' dir='ltr'>necesse</span> <span class='ocrx_word' id='word_1_194' title='bbox 1019 1862 1080 1898; x_wconf 91' lang='lat' dir='ltr'>est</span> <span class='ocrx_word' id='word_1_195' title='bbox 1108 1871 1213 1908; x_wconf 90' lang='lat' dir='ltr'>eum,</span> <span class='ocrx_word' id='word_1_196' title='bbox 1242 1861 1390 1911; x_wconf 86' lang='lat' dir='ltr'>quippe</span> <span class='ocrx_word' id='word_1_197' title='bbox 1419 1861 1487 1911; x_wconf 90' lang='lat' dir='ltr'>qui</span> <span class='ocrx_word' id='word_1_198' title='bbox 1509 1860 1669 1909; x_wconf 86' lang='lat' dir='ltr'>ingenio</span> 
     </span>
     <span class='ocr_line' id='line_1_25' title="bbox 169 1928 1669 1982; baseline 0.003 -14"><span class='ocrx_word' id='word_1_199' title='bbox 169 1930 219 1969; x_wconf 88' lang='lat' dir='ltr'>ad</span> <span class='ocrx_word' id='word_1_200' title='bbox 248 1928 613 1981; x_wconf 81' lang='lat' dir='ltr'>philosophandum</span> <span class='ocrx_word' id='word_1_201' title='bbox 642 1934 737 1981; x_wconf 87' lang='lat' dir='ltr'>apto</span> <span class='ocrx_word' id='word_1_202' title='bbox 765 1931 972 1982; x_wconf 85' lang='lat' dir='ltr'>praeditus</span> <span class='ocrx_word' id='word_1_203' title='bbox 998 1943 1077 1969; x_wconf 90' lang='lat' dir='ltr'>non</span> <span class='ocrx_word' id='word_1_204' title='bbox 1104 1931 1226 1969; x_wconf 85' lang='lat' dir='ltr'>fuerit</span> <span class='ocrx_word' id='word_1_205' title='bbox 1237 1931 1286 1980; x_wconf 79' lang='lat'>⁴),</span> <span class='ocrx_word' id='word_1_206' title='bbox 1315 1944 1364 1970; x_wconf 84' lang='lat' dir='ltr'>ex</span> <span class='ocrx_word' id='word_1_207' title='bbox 1392 1931 1495 1970; x_wconf 86' lang='lat' dir='ltr'>alius</span> <span class='ocrx_word' id='word_1_208' title='bbox 1533 1933 1669 1972; x_wconf 90' lang='lat' dir='ltr'>cuius-</span> 
     </span>
     <span class='ocr_line' id='line_1_26' title="bbox 168 2002 1667 2056; baseline 0.002 -15"><span class='ocrx_word' id='word_1_209' title='bbox 168 2003 260 2041; x_wconf 87' lang='lat' dir='ltr'>dam</span> <span class='ocrx_word' id='word_1_210' title='bbox 289 2002 391 2043; x_wconf 89' lang='lat' dir='ltr'>libro</span> <span class='ocrx_word' id='word_1_211' title='bbox 420 2004 462 2043; x_wconf 88' lang='lat' dir='ltr'>in</span> <span class='ocrx_word' id='word_1_212' title='bbox 491 2003 632 2043; x_wconf 88' lang='lat' dir='ltr'>eodem</span> <span class='ocrx_word' id='word_1_213' title='bbox 660 2007 898 2053; x_wconf 83' lang='lat' dir='ltr'>argumento</span> <span class='ocrx_word' id='word_1_214' title='bbox 930 2006 1086 2043; x_wconf 88' lang='lat' dir='ltr'>versato</span> <span class='ocrx_word' id='word_1_215' title='bbox 1114 2016 1175 2052; x_wconf 87' lang='lat' dir='ltr'>ea,</span> <span class='ocrx_word' id='word_1_216' title='bbox 1214 2015 1315 2055; x_wconf 92' lang='lat' dir='ltr'>quae</span> <span class='ocrx_word' id='word_1_217' title='bbox 1342 2005 1390 2043; x_wconf 90' lang='lat' dir='ltr'>de</span> <span class='ocrx_word' id='word_1_218' title='bbox 1419 2003 1667 2056; x_wconf 79' lang='lat' dir='ltr'>philosophis</span> 
     </span>
     <span class='ocr_line' id='line_1_27' title="bbox 166 2073 1725 2128; baseline 0.002 -15"><span class='ocrx_word' id='word_1_219' title='bbox 166 2073 279 2113; x_wconf 87' lang='lat' dir='ltr'>dicta</span> <span class='ocrx_word' id='word_1_220' title='bbox 319 2076 414 2125; x_wconf 85' lang='lat' dir='ltr'>sint,</span> <span class='ocrx_word' id='word_1_221' title='bbox 448 2076 679 2127; x_wconf 87' lang='lat' dir='ltr'>sumpsisse.</span> <span class='ocrx_word' id='word_1_222' title='bbox 733 2075 876 2116; x_wconf 88' lang='lat' dir='ltr'>Nullus</span> <span class='ocrx_word' id='word_1_223' title='bbox 913 2078 1050 2115; x_wconf 89' lang='lat' dir='ltr'>autem</span> <span class='ocrx_word' id='word_1_224' title='bbox 1086 2074 1188 2115; x_wconf 86' lang='lat' dir='ltr'>alius</span> <span class='ocrx_word' id='word_1_225' title='bbox 1224 2074 1351 2116; x_wconf 85' lang='lat' dir='ltr'>fuisse</span> <span class='ocrx_word' id='word_1_226' title='bbox 1386 2080 1544 2128; x_wconf 79' lang='lat' dir='ltr'>potest,</span> <span class='ocrx_word' id='word_1_227' title='bbox 1589 2077 1669 2116; x_wconf 88' lang='lat' dir='ltr'>nisi</span> <span class='ocrx_word' id='word_1_228' title='bbox 1721 2082 1725 2085; x_wconf 83' lang='grc'><strong>“</strong></span> 
     </span>
     <span class='ocr_line' id='line_1_28' title="bbox 165 2144 1668 2200; baseline 0.001 -14"><span class='ocrx_word' id='word_1_229' title='bbox 165 2144 391 2198; x_wconf 80' lang='lat' dir='ltr'>Menippus,</span> <span class='ocrx_word' id='word_1_230' title='bbox 432 2159 550 2199; x_wconf 90' lang='lat' dir='ltr'>quem</span> <span class='ocrx_word' id='word_1_231' title='bbox 578 2149 621 2192; x_wconf 86' lang='lat' dir='ltr'>in</span> <span class='ocrx_word' id='word_1_232' title='bbox 647 2149 783 2187; x_wconf 89' lang='lat' dir='ltr'>satiris</span> <span class='ocrx_word' id='word_1_233' title='bbox 810 2148 1036 2187; x_wconf 82' lang='lat' dir='ltr'>imitatione</span> <span class='ocrx_word' id='word_1_234' title='bbox 1063 2158 1088 2186; x_wconf 85' lang='lat' dir='ltr'>a</span> <span class='ocrx_word' id='word_1_235' title='bbox 1114 2159 1157 2187; x_wconf 83' lang='lat' dir='ltr'>se</span> <span class='ocrx_word' id='word_1_236' title='bbox 1185 2160 1424 2200; x_wconf 85' lang='lat' dir='ltr'>expressum</span> <span class='ocrx_word' id='word_1_237' title='bbox 1452 2160 1542 2188; x_wconf 87' lang='lat' dir='ltr'>esse</span> <span class='ocrx_word' id='word_1_238' title='bbox 1582 2150 1668 2200; x_wconf 90' lang='lat' dir='ltr'>ipse</span> 
     </span>
     <span class='ocr_line' id='line_1_29' title="bbox 166 2218 1667 2274; baseline 0.001 -16"><span class='ocrx_word' id='word_1_239' title='bbox 166 2219 274 2271; x_wconf 88' lang='lat' dir='ltr'>apud</span> <span class='ocrx_word' id='word_1_240' title='bbox 302 2218 535 2261; x_wconf 87' lang='lat' dir='ltr'>Ciceronem</span> <span class='ocrx_word' id='word_1_241' title='bbox 564 2220 716 2262; x_wconf 86' lang='lat' dir='ltr'>fatetur</span> <span class='ocrx_word' id='word_1_242' title='bbox 729 2221 776 2270; x_wconf 77' lang='grc'>5).</span> <span class='ocrx_word' id='word_1_243' title='bbox 794 2243 846 2250; x_wconf 91' lang='lat'>—-</span> <span class='ocrx_word' id='word_1_244' title='bbox 899 2222 960 2261; x_wconf 88' lang='lat' dir='ltr'>Ac</span> <span class='ocrx_word' id='word_1_245' title='bbox 986 2219 1107 2261; x_wconf 74' lang='lat' dir='ltr'>&#39;facile</span> <span class='ocrx_word' id='word_1_246' title='bbox 1137 2221 1169 2262; x_wconf 88' lang='lat' dir='ltr'>si</span> <span class='ocrx_word' id='word_1_247' title='bbox 1209 2222 1452 2274; x_wconf 89' lang='lat' dir='ltr'>scriptorum</span> <span class='ocrx_word' id='word_1_248' title='bbox 1488 2221 1667 2273; x_wconf 91' lang='lat' dir='ltr'>Menippi</span> 
     </span>
    </p>
   </div>
   <div class='ocr_carea' id='block_1_3' title="bbox 168 2292 415 2301">
    <p class='ocr_par' dir='ltr' id='par_1_4' title="bbox 168 2292 415 2301">
     <span class='ocr_line' id='line_1_30' title="bbox 168 2292 415 2301; baseline 0 635"><span class='ocrx_word' id='word_1_249' title='bbox 168 2292 415 2301; x_wconf 95' lang='lat' dir='ltr'> </span> 
     </span>
    </p>
   </div>
   <div class='ocr_carea' id='block_1_4' title="bbox 159 2322 1663 2738">
    <p class='ocr_par' dir='ltr' id='par_1_5' title="bbox 249 2322 780 2366">
     <span class='ocr_line' id='line_1_31' title="bbox 249 2322 780 2366; baseline 0.008 -13"><span class='ocrx_word' id='word_1_250' title='bbox 249 2323 283 2362; x_wconf 81' lang='lat'>1)</span> <span class='ocrx_word' id='word_1_251' title='bbox 308 2322 329 2353; x_wconf 92' lang='lat' dir='ltr'>l.</span> <span class='ocrx_word' id='word_1_252' title='bbox 354 2332 381 2354; x_wconf 88' lang='lat' dir='ltr'>c.</span> <span class='ocrx_word' id='word_1_253' title='bbox 406 2323 449 2358; x_wconf 85' lang='grc' dir='ltr'>Π,</span> <span class='ocrx_word' id='word_1_254' title='bbox 472 2323 504 2355; x_wconf 85' lang='lat'>2.</span> <span class='ocrx_word' id='word_1_255' title='bbox 528 2333 560 2364; x_wconf 89' lang='lat' dir='ltr'>p.</span> <span class='ocrx_word' id='word_1_256' title='bbox 585 2325 689 2357; x_wconf 84' lang='lat' dir='ltr'>XVHl</span> <span class='ocrx_word' id='word_1_257' title='bbox 712 2334 780 2366; x_wconf 75' lang='lat' dir='ltr'>sqq.</span> 
     </span>
    </p>

    <p class='ocr_par' dir='ltr' id='par_1_6' title="bbox 246 2383 638 2424">
     <span class='ocr_line' id='line_1_32' title="bbox 246 2383 638 2424; baseline 0.01 -10"><span class='ocrx_word' id='word_1_258' title='bbox 246 2383 284 2424; x_wconf 85' lang='lat'>2)</span> <span class='ocrx_word' id='word_1_259' title='bbox 310 2384 403 2424; x_wconf 82' lang='lat' dir='ltr'>Diog.</span> <span class='ocrx_word' id='word_1_260' title='bbox 427 2384 465 2415; x_wconf 88' lang='lat' dir='ltr'>L.</span> <span class='ocrx_word' id='word_1_261' title='bbox 486 2384 541 2423; x_wconf 83' lang='lat' dir='ltr'>lx,</span> <span class='ocrx_word' id='word_1_262' title='bbox 565 2386 638 2418; x_wconf 89' lang='lat'>111.</span> 
     </span>
    </p>

    <p class='ocr_par' dir='ltr' id='par_1_7' title="bbox 246 2445 825 2487">
     <span class='ocr_line' id='line_1_33' title="bbox 246 2445 825 2487; baseline 0.007 -10"><span class='ocrx_word' id='word_1_263' title='bbox 246 2448 281 2484; x_wconf 89' lang='grc'>3)</span> <span class='ocrx_word' id='word_1_264' title='bbox 306 2445 434 2485; x_wconf 78' lang='lat' dir='ltr'>Oehler.</span> <span class='ocrx_word' id='word_1_265' title='bbox 457 2446 478 2478; x_wconf 93' lang='lat' dir='ltr'>l.</span> <span class='ocrx_word' id='word_1_266' title='bbox 502 2456 529 2478; x_wconf 91' lang='lat' dir='ltr'>c.</span> <span class='ocrx_word' id='word_1_267' title='bbox 552 2456 585 2487; x_wconf 85' lang='lat' dir='ltr'>p.</span> <span class='ocrx_word' id='word_1_268' title='bbox 612 2448 682 2479; x_wconf 84' lang='lat'>188.</span> <span class='ocrx_word' id='word_1_269' title='bbox 707 2449 749 2480; x_wconf 79' lang='lat' dir='ltr'>fr.</span> <span class='ocrx_word' id='word_1_270' title='bbox 774 2449 825 2481; x_wconf 89' lang='grc'>67.</span> 
     </span>
    </p>

    <p class='ocr_par' dir='ltr' id='par_1_8' title="bbox 246 2509 1076 2551">
     <span class='ocr_line' id='line_1_34' title="bbox 246 2509 1076 2551; baseline 0.002 -12"><span class='ocrx_word' id='word_1_271' title='bbox 246 2509 281 2542; x_wconf 84' lang='grc'>4)</span> <span class='ocrx_word' id='word_1_272' title='bbox 305 2509 493 2541; x_wconf 84' lang='lat' dir='ltr'>Mommsen.</span> <span class='ocrx_word' id='word_1_273' title='bbox 517 2509 611 2541; x_wconf 73' lang='lat' dir='ltr'>Rom.</span> <span class='ocrx_word' id='word_1_274' title='bbox 635 2509 754 2542; x_wconf 81' lang='lat' dir='ltr'>Gesch.</span> <span class='ocrx_word' id='word_1_275' title='bbox 778 2511 829 2542; x_wconf 87' lang='lat'>111</span> <span class='ocrx_word' id='word_1_276' title='bbox 851 2521 883 2551; x_wconf 88' lang='lat' dir='ltr'>p.</span> <span class='ocrx_word' id='word_1_277' title='bbox 906 2512 980 2544; x_wconf 81' lang='lat'>587.</span> <span class='ocrx_word' id='word_1_278' title='bbox 1002 2511 1076 2544; x_wconf 79' lang='lat'>588.</span> 
     </span>
    </p>

    <p class='ocr_par' dir='ltr' id='par_1_9' title="bbox 159 2569 1663 2738">
     <span class='ocr_line' id='line_1_35' title="bbox 244 2569 1663 2616; baseline 0.003 -15"><span class='ocrx_word' id='word_1_279' title='bbox 244 2570 278 2603; x_wconf 63' lang='lat'>5,</span> <span class='ocrx_word' id='word_1_280' title='bbox 302 2569 415 2603; x_wconf 78' lang='lat' dir='ltr'>cicero</span> <span class='ocrx_word' id='word_1_281' title='bbox 437 2570 536 2603; x_wconf 79' lang='lat' dir='ltr'>Acad.</span> <span class='ocrx_word' id='word_1_282' title='bbox 559 2573 575 2601; x_wconf 91' lang='grc' dir='ltr'>Ι</span> <span class='ocrx_word' id='word_1_283' title='bbox 597 2580 624 2603; x_wconf 82' lang='lat' dir='ltr'>c.</span> <span class='ocrx_word' id='word_1_284' title='bbox 647 2569 669 2603; x_wconf 87' lang='lat'><strong>2</strong></span> <span class='ocrx_word' id='word_1_285' title='bbox 691 2570 724 2612; x_wconf 85' lang='lat'>§.</span> <span class='ocrx_word' id='word_1_286' title='bbox 746 2571 768 2603; x_wconf 88' lang='grc'>8</span> <span class='ocrx_word' id='word_1_287' title='bbox 789 2574 821 2603; x_wconf 83' lang='lat' dir='ltr'>et</span> <span class='ocrx_word' id='word_1_288' title='bbox 844 2574 947 2604; x_wconf 81' lang='lat' dir='ltr'>tamen</span> <span class='ocrx_word' id='word_1_289' title='bbox 970 2573 1002 2605; x_wconf 89' lang='lat' dir='ltr'>in</span> <span class='ocrx_word' id='word_1_290' title='bbox 1025 2572 1091 2605; x_wconf 82' lang='lat' dir='ltr'>iuis</span> <span class='ocrx_word' id='word_1_291' title='bbox 1108 2573 1270 2605; x_wconf 74' lang='lat' dir='ltr'>veteribus</span> <span class='ocrx_word' id='word_1_292' title='bbox 1289 2574 1420 2611; x_wconf 81' lang='lat' dir='ltr'>nostris,</span> <span class='ocrx_word' id='word_1_293' title='bbox 1444 2584 1521 2615; x_wconf 78' lang='lat' dir='ltr'>quae</span> <span class='ocrx_word' id='word_1_294' title='bbox 1544 2575 1663 2616; x_wconf 83' lang='lat' dir='ltr'>Minip-</span> 
     </span>
     <span class='ocr_line' id='line_1_36' title="bbox 159 2633 1663 2677; baseline 0.004 -15"><span class='ocrx_word' id='word_1_295' title='bbox 159 2641 233 2672; x_wconf 84' lang='lat' dir='ltr'>pum</span> <span class='ocrx_word' id='word_1_296' title='bbox 256 2633 370 2664; x_wconf 80' lang='lat' dir='ltr'>imitati</span> <span class='ocrx_word' id='word_1_297' title='bbox 392 2642 455 2665; x_wconf 86' lang='lat' dir='ltr'>non</span> <span class='ocrx_word' id='word_1_298' title='bbox 477 2634 680 2675; x_wconf 80' lang='lat' dir='ltr'>interpretati</span> <span class='ocrx_word' id='word_1_299' title='bbox 702 2633 836 2675; x_wconf 79' lang='lat' dir='ltr'>quadam</span> <span class='ocrx_word' id='word_1_300' title='bbox 859 2636 1022 2668; x_wconf 81' lang='lat' dir='ltr'>hilaritate</span> <span class='ocrx_word' id='word_1_301' title='bbox 1048 2637 1303 2677; x_wconf 79' lang='lat' dir='ltr'>comper-simus,</span> <span class='ocrx_word' id='word_1_302' title='bbox 1340 2636 1438 2668; x_wconf 80' lang='lat' dir='ltr'>multa</span> <span class='ocrx_word' id='word_1_303' title='bbox 1469 2636 1600 2668; x_wconf 76' lang='lat' dir='ltr'>admista</span> <span class='ocrx_word' id='word_1_304' title='bbox 1625 2647 1663 2668; x_wconf 81' lang='lat' dir='ltr'>cx</span> 
     </span>
     <span class='ocr_line' id='line_1_37' title="bbox 161 2682 930 2738; baseline 0.008 -15"><span class='ocrx_word' id='word_1_305' title='bbox 161 2693 269 2725; x_wconf 76' lang='lat' dir='ltr'>intima</span> <span class='ocrx_word' id='word_1_306' title='bbox 292 2682 510 2738; x_wconf 73' lang='lat' dir='ltr'>philosophia,</span> <span class='ocrx_word' id='word_1_307' title='bbox 535 2696 631 2729; x_wconf 77' lang='lat' dir='ltr'>multa</span> <span class='ocrx_word' id='word_1_308' title='bbox 648 2696 731 2729; x_wconf 77' lang='lat' dir='ltr'>(licta</span> <span class='ocrx_word' id='word_1_309' title='bbox 754 2695 930 2730; x_wconf 76' lang='lat' dir='ltr'>dialectice.</span> 
     </span>
    </p>
   </div>
  </div>
 </body>
</html>
