<?xml version="1.0" encoding="UTF-8"?>
<!DOCTYPE html PUBLIC "-//W3C//DTD XHTML 1.0 Transitional//EN"
    "http://www.w3.org/TR/xhtml1/DTD/xhtml1-transitional.dtd">
<html xmlns="http://www.w3.org/1999/xhtml" xml:lang="en" lang="en">
 <head>
  <title>
</title>
<meta http-equiv="Content-Type" content="text/html;charset=utf-8" />
  <meta name='ocr-system' content='tesseract 3.04.00' />
  <meta name='ocr-capabilities' content='ocr_page ocr_carea ocr_par ocr_line ocrx_word'/>
</head>
<body>
  <div class='ocr_page' id='page_1' title='image "4737226_0045.png"; bbox 0 0 1860 2936; ppageno 0'>
   <div class='ocr_carea' id='block_1_1' title="bbox 786 79 812 97">
    <p class='ocr_par' dir='ltr' id='par_1_1' title="bbox 786 79 812 97">
     <span class='ocr_line' id='line_1_1' title="bbox 786 79 812 97; baseline 0.077 -2"><span class='ocrx_word' id='word_1_1' title='bbox 786 79 812 97; x_wconf 64' lang='lat' dir='ltr'><strong>ti·</strong></span> 
     </span>
    </p>
   </div>
   <div class='ocr_carea' id='block_1_2' title="bbox 778 122 1145 169">
    <p class='ocr_par' dir='ltr' id='par_1_2' title="bbox 778 122 1145 169">
     <span class='ocr_line' id='line_1_2' title="bbox 778 122 1145 169; baseline -0.003 -8"><span class='ocrx_word' id='word_1_2' title='bbox 778 151 828 161; x_wconf 89' lang='lat'><strong>...</strong></span> <span class='ocrx_word' id='word_1_3' title='bbox 934 122 987 169; x_wconf 81' lang='grc'><strong>37</strong></span> <span class='ocrx_word' id='word_1_4' title='bbox 1093 153 1145 160; x_wconf 79' lang='grc'>-</span> 
     </span>
    </p>
   </div>
   <div class='ocr_carea' id='block_1_3' title="bbox 143 234 1714 580">
    <p class='ocr_par' dir='ltr' id='par_1_3' title="bbox 143 234 1714 580">
     <span class='ocr_line' id='line_1_3' title="bbox 211 234 1714 287; baseline -0.003 -8"><span class='ocrx_word' id='word_1_5' title='bbox 211 238 415 279; x_wconf 87' lang='lat' dir='ltr'><strong>Franzisci</strong></span> <span class='ocrx_word' id='word_1_6' title='bbox 444 235 709 286; x_wconf 82' lang='lat' dir='ltr'><strong>Fritzschii1)</strong></span> <span class='ocrx_word' id='word_1_7' title='bbox 733 236 980 275; x_wconf 72' lang='lat' dir='ltr'><strong>vsententiam</strong></span> <span class='ocrx_word' id='word_1_8' title='bbox 1026 234 1284 283; x_wconf 82' lang='lat' dir='ltr'><strong>inclinemus,</strong></span> <span class='ocrx_word' id='word_1_9' title='bbox 1321 237 1388 287; x_wconf 90' lang='lat' dir='ltr'><strong>qui</strong></span> <span class='ocrx_word' id='word_1_10' title='bbox 1422 236 1647 276; x_wconf 76' lang='lat' dir='ltr'><strong>Lucianu&#39;m</strong></span> <span class='ocrx_word' id='word_1_11' title='bbox 1689 248 1714 275; x_wconf 82' lang='lat' dir='ltr'><strong>a</strong></span> 
     </span>
     <span class='ocr_line' id='line_1_4' title="bbox 211 307 1714 362; baseline -0.003 -11"><span class='ocrx_word' id='word_1_12' title='bbox 211 311 320 351; x_wconf 86' lang='lat' dir='ltr'><strong>Vero</strong></span> <span class='ocrx_word' id='word_1_13' title='bbox 348 311 593 362; x_wconf 83' lang='lat' dir='ltr'>imperatore</span> <span class='ocrx_word' id='word_1_14' title='bbox 619 307 695 348; x_wconf 92' lang='lat' dir='ltr'><strong>hac</strong></span> <span class='ocrx_word' id='word_1_15' title='bbox 723 308 1062 348; x_wconf 83' lang='lat' dir='ltr'><strong>commentatione</strong></span> <span class='ocrx_word' id='word_1_16' title='bbox 1088 308 1265 358; x_wconf 80' lang='lat' dir='ltr'><strong>gratiam</strong></span> <span class='ocrx_word' id='word_1_17' title='bbox 1291 308 1395 348; x_wconf 90' lang='lat' dir='ltr'><strong>inire</strong></span> <span class='ocrx_word' id='word_1_18' title='bbox 1432 308 1587 348; x_wconf 88' lang='lat' dir='ltr'><strong>frustra</strong></span> <span class='ocrx_word' id='word_1_19' title='bbox 1628 312 1714 347; x_wconf 92' lang='lat' dir='ltr'><strong>stu-</strong></span> 
     </span>
     <span class='ocr_line' id='line_1_5' title="bbox 143 380 1713 439; baseline -0.002 -16"><span class='ocrx_word' id='word_1_20' title='bbox 143 429 149 434; x_wconf 70' lang='lat'>‚</span> <span class='ocrx_word' id='word_1_21' title='bbox 213 383 349 423; x_wconf 89' lang='lat' dir='ltr'><strong>duisse</strong></span> <span class='ocrx_word' id='word_1_22' title='bbox 392 383 561 434; x_wconf 78' lang='lat' dir='ltr'><strong>ideoque</strong></span> <span class='ocrx_word' id='word_1_23' title='bbox 601 380 721 434; x_wconf 91' lang='lat' dir='ltr'><strong>paulo</strong></span> <span class='ocrx_word' id='word_1_24' title='bbox 758 383 853 421; x_wconf 88' lang='lat' dir='ltr'><strong>ante</strong></span> <span class='ocrx_word' id='word_1_25' title='bbox 900 381 1232 433; x_wconf 87' lang='lat' dir='ltr'><strong>Necyomantiam</strong></span> <span class='ocrx_word' id='word_1_26' title='bbox 1268 381 1462 439; x_wconf 67' lang='lat' dir='ltr'><strong>scriptam¹</strong></span> <span class='ocrx_word' id='word_1_27' title='bbox 1497 393 1585 421; x_wconf 87' lang='lat' dir='ltr'><strong>eam</strong></span> <span class='ocrx_word' id='word_1_28' title='bbox 1626 392 1713 420; x_wconf 89' lang='lat' dir='ltr'><strong>esse</strong></span> 
     </span>
     <span class='ocr_line' id='line_1_6' title="bbox 200 453 1711 508; baseline -0.001 -13"><span class='ocrx_word' id='word_1_29' title='bbox 200 458 340 508; x_wconf 39' lang='lat' dir='ltr'><strong>(putat.</strong></span> <span class='ocrx_word' id='word_1_30' title='bbox 396 455 522 503; x_wconf 85' lang='lat' dir='ltr'><strong>Quam</strong></span> <span class='ocrx_word' id='word_1_31' title='bbox 552 455 796 495; x_wconf 87' lang='lat' dir='ltr'><strong>sententiam</strong></span> <span class='ocrx_word' id='word_1_32' title='bbox 823 454 857 494; x_wconf 94' lang='lat' dir='ltr'><strong>si</strong></span> <span class='ocrx_word' id='word_1_33' title='bbox 886 453 1075 506; x_wconf 83' lang='lat' dir='ltr'><strong>amplexi</strong></span> <span class='ocrx_word' id='word_1_34' title='bbox 1099 465 1263 500; x_wconf 84' lang='lat' dir='ltr'><strong>sumus,</strong></span> <span class='ocrx_word' id='word_1_35' title='bbox 1297 454 1393 506; x_wconf 91' lang='lat' dir='ltr'><strong>quid</strong></span> <span class='ocrx_word' id='word_1_36' title='bbox 1430 453 1554 494; x_wconf 89' lang='lat' dir='ltr'><strong>verba</strong></span> <span class='ocrx_word' id='word_1_37' title='bbox 1581 465 1603 493; x_wconf 90' lang='lat' dir='ltr'><strong>e</strong></span> <span class='ocrx_word' id='word_1_38' title='bbox 1631 453 1711 493; x_wconf 92' lang='lat' dir='ltr'><strong>Ne-</strong></span> 
     </span>
     <span class='ocr_line' id='line_1_7' title="bbox 211 526 1205 580; baseline -0.003 -12"><span class='ocrx_word' id='word_1_39' title='bbox 211 528 443 580; x_wconf 87' lang='lat' dir='ltr'><strong>cyomantia</strong></span> <span class='ocrx_word' id='word_1_40' title='bbox 472 527 597 568; x_wconf 87' lang='lat' dir='ltr'><strong>allata</strong></span> <span class='ocrx_word' id='word_1_41' title='bbox 623 528 703 567; x_wconf 86' lang='lat' dir='ltr'>sibi</span> <span class='ocrx_word' id='word_1_42' title='bbox 731 526 868 572; x_wconf 83' lang='lat' dir='ltr'><strong>velint,</strong></span> <span class='ocrx_word' id='word_1_43' title='bbox 895 526 1034 566; x_wconf 88' lang='lat' dir='ltr'><strong>statim</strong></span> <span class='ocrx_word' id='word_1_44' title='bbox 1063 526 1205 566; x_wconf 87' lang='lat' dir='ltr'><strong>elucet.</strong></span> 
     </span>
    </p>
   </div>
   <div class='ocr_carea' id='block_1_4' title="bbox 315 598 1774 662">
    <p class='ocr_par' dir='ltr' id='par_1_4' title="bbox 315 598 1774 662">
     <span class='ocr_line' id='line_1_8' title="bbox 315 598 1774 662; baseline -0.003 -21"><span class='ocrx_word' id='word_1_45' title='bbox 315 601 518 642; x_wconf 88' lang='lat' dir='ltr'><strong>Lucianus</strong></span> <span class='ocrx_word' id='word_1_46' title='bbox 547 601 653 641; x_wconf 90' lang='lat' dir='ltr'><strong>enim</strong></span> <span class='ocrx_word' id='word_1_47' title='bbox 690 612 762 652; x_wconf 91' lang='lat' dir='ltr'><strong>spe</strong></span> <span class='ocrx_word' id='word_1_48' title='bbox 803 600 959 649; x_wconf 84' lang='lat' dir='ltr'><strong>gratiae</strong></span> <span class='ocrx_word' id='word_1_49' title='bbox 998 598 1077 639; x_wconf 90' lang='lat' dir='ltr'><strong>sibi</strong></span> <span class='ocrx_word' id='word_1_50' title='bbox 1114 598 1435 639; x_wconf 84' lang='lat' dir='ltr'><strong>reconciliandae</strong></span> <span class='ocrx_word' id='word_1_51' title='bbox 1475 599 1710 642; x_wconf 82' lang='lat' dir='ltr'><strong>destitutus,</strong></span> <span class='ocrx_word' id='word_1_52' title='bbox 1765 652 1774 662; x_wconf 88' lang='lat'>.</span> 
     </span>
    </p>
   </div>
   <div class='ocr_carea' id='block_1_5' title="bbox 198 671 1709 2248">
    <p class='ocr_par' dir='ltr' id='par_1_5' title="bbox 207 671 1709 1163">
     <span class='ocr_line' id='line_1_9' title="bbox 210 671 1709 730; baseline -0.001 -17"><span class='ocrx_word' id='word_1_53' title='bbox 210 685 298 713; x_wconf 89' lang='lat' dir='ltr'><strong>cum</strong></span> <span class='ocrx_word' id='word_1_54' title='bbox 328 677 510 725; x_wconf 90' lang='lat' dir='ltr'><strong>potentes</strong></span> <span class='ocrx_word' id='word_1_55' title='bbox 539 685 586 713; x_wconf 88' lang='lat' dir='ltr'><strong>ac</strong></span> <span class='ocrx_word' id='word_1_56' title='bbox 615 672 764 730; x_wconf 84' lang='lat' dir='ltr'><strong>divites</strong></span> <span class='ocrx_word' id='word_1_57' title='bbox 791 671 867 711; x_wconf 87' lang='lat' dir='ltr'><strong>hac</strong></span> <span class='ocrx_word' id='word_1_58' title='bbox 894 672 1021 711; x_wconf 87' lang='lat' dir='ltr'><strong>satira</strong></span> <span class='ocrx_word' id='word_1_59' title='bbox 1049 671 1221 717; x_wconf 85' lang='lat' dir='ltr'><strong>rideret,</strong></span> <span class='ocrx_word' id='word_1_60' title='bbox 1267 672 1385 710; x_wconf 89' lang='lat' dir='ltr'><strong>simul</strong></span> <span class='ocrx_word' id='word_1_61' title='bbox 1426 672 1466 711; x_wconf 91' lang='lat' dir='ltr'><strong>id</strong></span> <span class='ocrx_word' id='word_1_62' title='bbox 1495 672 1709 723; x_wconf 82' lang='lat' dir='ltr'><strong>spectavit,</strong></span> 
     </span>
     <span class='ocr_line' id='line_1_10' title="bbox 209 743 1709 798; baseline 0.001 -14"><span class='ocrx_word' id='word_1_63' title='bbox 209 750 254 785; x_wconf 90' lang='lat' dir='ltr'><strong>ut</strong></span> <span class='ocrx_word' id='word_1_64' title='bbox 281 749 471 797; x_wconf 87' lang='lat' dir='ltr'><strong>quantum</strong></span> <span class='ocrx_word' id='word_1_65' title='bbox 500 744 682 785; x_wconf 83' lang='lat' dir='ltr'><strong>homines</strong></span> <span class='ocrx_word' id='word_1_66' title='bbox 709 745 856 784; x_wconf 88' lang='lat' dir='ltr'><strong>eruditi</strong></span> <span class='ocrx_word' id='word_1_67' title='bbox 884 743 948 783; x_wconf 88' lang='lat' dir='ltr'><strong>vel</strong></span> <span class='ocrx_word' id='word_1_68' title='bbox 974 745 1259 796; x_wconf 84' lang='lat' dir='ltr'><strong>imperatorem</strong></span> <span class='ocrx_word' id='word_1_69' title='bbox 1300 744 1491 787; x_wconf 87' lang='lat' dir='ltr'><strong>adiuvare</strong></span> <span class='ocrx_word' id='word_1_70' title='bbox 1533 751 1709 798; x_wconf 86' lang='lat' dir='ltr'><strong>possent,</strong></span> 
     </span>
     <span class='ocr_line' id='line_1_11' title="bbox 210 815 1709 870; baseline 0.001 -14"><span class='ocrx_word' id='word_1_71' title='bbox 210 817 392 869; x_wconf 84' lang='lat' dir='ltr'><strong>exemplo</strong></span> <span class='ocrx_word' id='word_1_72' title='bbox 421 816 622 857; x_wconf 88' lang='lat' dir='ltr'><strong>luculento</strong></span> <span class='ocrx_word' id='word_1_73' title='bbox 649 816 882 856; x_wconf 87' lang='lat' dir='ltr'><strong>illustraret.</strong></span> <span class='ocrx_word' id='word_1_74' title='bbox 911 816 971 856; x_wconf 86' lang='lat' dir='ltr'><strong>Ae</strong></span> <span class='ocrx_word' id='word_1_75' title='bbox 998 827 1095 855; x_wconf 87' lang='lat' dir='ltr'><strong>sane</strong></span> <span class='ocrx_word' id='word_1_76' title='bbox 1121 815 1234 864; x_wconf 88' lang='lat' dir='ltr'><strong>illud,</strong></span> <span class='ocrx_word' id='word_1_77' title='bbox 1263 817 1369 867; x_wconf 91' lang='lat' dir='ltr'><strong>quod</strong></span> <span class='ocrx_word' id='word_1_78' title='bbox 1393 818 1529 866; x_wconf 88' lang='lat' dir='ltr'><strong>voluit,</strong></span> <span class='ocrx_word' id='word_1_79' title='bbox 1558 820 1709 870; x_wconf 92' lang='lat' dir='ltr'><strong>optime</strong></span> 
     </span>
     <span class='ocr_line' id='line_1_12' title="bbox 208 887 1709 943; baseline 0.001 -13"><span class='ocrx_word' id='word_1_80' title='bbox 208 894 450 943; x_wconf 86' lang='lat' dir='ltr'><strong>assequutus</strong></span> <span class='ocrx_word' id='word_1_81' title='bbox 478 893 551 931; x_wconf 85' lang='lat' dir='ltr'><strong>est.</strong></span> <span class='ocrx_word' id='word_1_82' title='bbox 607 888 737 937; x_wconf 85' lang='lat' dir='ltr'><strong>Quare</strong></span> <span class='ocrx_word' id='word_1_83' title='bbox 765 888 800 928; x_wconf 90' lang='lat' dir='ltr'><strong>si</strong></span> <span class='ocrx_word' id='word_1_84' title='bbox 828 889 869 928; x_wconf 89' lang='lat' dir='ltr'><strong>in</strong></span> <span class='ocrx_word' id='word_1_85' title='bbox 897 887 1110 928; x_wconf 86' lang='lat' dir='ltr'><strong>consilium</strong></span> <span class='ocrx_word' id='word_1_86' title='bbox 1152 888 1428 941; x_wconf 85' lang='lat' dir='ltr'><strong>rationemque</strong></span> <span class='ocrx_word' id='word_1_87' title='bbox 1456 890 1709 943; x_wconf 87' lang='lat' dir='ltr'><strong>Necyoman-</strong></span> 
     </span>
     <span class='ocr_line' id='line_1_13' title="bbox 207 960 1709 1016; baseline 0.001 -14"><span class='ocrx_word' id='word_1_88' title='bbox 207 962 438 1014; x_wconf 75' lang='lat' dir='ltr'><strong>tiaeopaulo</strong></span> <span class='ocrx_word' id='word_1_89' title='bbox 476 962 706 1012; x_wconf 86' lang='lat' dir='ltr'><strong>diligentius</strong></span> <span class='ocrx_word' id='word_1_90' title='bbox 746 960 1095 1013; x_wconf 86' lang='lat' dir='ltr'><strong>inquisiverimus,</strong></span> <span class='ocrx_word' id='word_1_91' title='bbox 1135 960 1318 1001; x_wconf 90' lang='lat' dir='ltr'><strong>consulto</strong></span> <span class='ocrx_word' id='word_1_92' title='bbox 1358 963 1610 1016; x_wconf 85' lang='lat' dir='ltr'><strong>cogitateque</strong></span> <span class='ocrx_word' id='word_1_93' title='bbox 1645 965 1709 1006; x_wconf 86' lang='lat' dir='ltr'><strong>vel</strong></span> 
     </span>
     <span class='ocr_line' id='line_1_14' title="bbox 209 1032 1708 1087; baseline 0.002 -12"><span class='ocrx_word' id='word_1_94' title='bbox 209 1047 257 1075; x_wconf 85' lang='lat' dir='ltr'><strong>ea</strong></span> <span class='ocrx_word' id='word_1_95' title='bbox 286 1047 310 1075; x_wconf 89' lang='lat' dir='ltr'><strong>a</strong></span> <span class='ocrx_word' id='word_1_96' title='bbox 337 1034 514 1075; x_wconf 89' lang='lat' dir='ltr'><strong>Luciano</strong></span> <span class='ocrx_word' id='word_1_97' title='bbox 542 1035 643 1074; x_wconf 83' lang='lat' dir='ltr'><strong>ficta</strong></span> <span class='ocrx_word' id='word_1_98' title='bbox 670 1046 758 1074; x_wconf 90' lang='lat' dir='ltr'><strong>esse</strong></span> <span class='ocrx_word' id='word_1_99' title='bbox 785 1032 1073 1083; x_wconf 75' lang='lat' dir='ltr'><strong>intellegemus,</strong></span> <span class='ocrx_word' id='word_1_100' title='bbox 1101 1045 1202 1085; x_wconf 90' lang='lat' dir='ltr'><strong>quae</strong></span> <span class='ocrx_word' id='word_1_101' title='bbox 1230 1033 1359 1085; x_wconf 87' lang='lat' dir='ltr'><strong>primo</strong></span> <span class='ocrx_word' id='word_1_102' title='bbox 1376 1038 1543 1087; x_wconf 84' lang='lat' dir='ltr'><strong>aspectu</strong></span> <span class='ocrx_word' id='word_1_103' title='bbox 1557 1041 1708 1078; x_wconf 89' lang='lat' dir='ltr'><strong>temere</strong></span> 
     </span>
     <span class='ocr_line' id='line_1_15' title="bbox 207 1093 1332 1163; baseline -0.004 -15"><span class='ocrx_word' id='word_1_104' title='bbox 207 1111 247 1148; x_wconf 85' lang='lat' dir='ltr'><strong>et</strong></span> <span class='ocrx_word' id='word_1_105' title='bbox 274 1119 400 1159; x_wconf 88' lang='lat' dir='ltr'><strong>prave</strong></span> <span class='ocrx_word' id='word_1_106' title='bbox 428 1108 539 1147; x_wconf 87' lang='lat' dir='ltr'><strong>dicta</strong></span> <span class='ocrx_word' id='word_1_107' title='bbox 566 1093 790 1147; x_wconf 77' lang='lat' dir='ltr'><strong>videantur.</strong></span> <span class='ocrx_word' id='word_1_108' title='bbox 1330 1161 1332 1163; x_wconf 21' lang='grc' dir='ltr'>Ι</span> 
     </span>
    </p>

    <p class='ocr_par' dir='ltr' id='par_1_6' title="bbox 202 1178 1706 1815">
     <span class='ocr_line' id='line_1_16' title="bbox 309 1178 1706 1231; baseline 0.004 -12"><span class='ocrx_word' id='word_1_109' title='bbox 309 1180 549 1221; x_wconf 90' lang='lat' dir='ltr'><strong>Arctissime</strong></span> <span class='ocrx_word' id='word_1_110' title='bbox 577 1193 670 1219; x_wconf 90' lang='lat' dir='ltr'><strong>vero</strong></span> <span class='ocrx_word' id='word_1_111' title='bbox 699 1192 788 1219; x_wconf 91' lang='lat' dir='ltr'><strong>cum</strong></span> <span class='ocrx_word' id='word_1_112' title='bbox 816 1179 892 1219; x_wconf 88' lang='lat' dir='ltr'><strong>hac</strong></span> <span class='ocrx_word' id='word_1_113' title='bbox 919 1192 962 1219; x_wconf 90' lang='lat' dir='ltr'><strong>re</strong></span> <span class='ocrx_word' id='word_1_114' title='bbox 992 1190 1051 1226; x_wconf 88' lang='lat' dir='ltr'><strong>ea,</strong></span> <span class='ocrx_word' id='word_1_115' title='bbox 1080 1182 1181 1230; x_wconf 79' lang='lat' dir='ltr'><strong>q&#39;uae</strong></span> <span class='ocrx_word' id='word_1_116' title='bbox 1208 1178 1411 1219; x_wconf 89' lang='lat' dir='ltr'><strong>Lucianus</strong></span> <span class='ocrx_word' id='word_1_117' title='bbox 1443 1182 1486 1221; x_wconf 88' lang='lat' dir='ltr'><strong>in</strong></span> <span class='ocrx_word' id='word_1_118' title='bbox 1512 1184 1538 1231; x_wconf 64' lang='grc' dir='ltr'>ξ</span> <span class='ocrx_word' id='word_1_119' title='bbox 1568 1184 1614 1222; x_wconf 83' lang='grc'><strong>17</strong></span> <span class='ocrx_word' id='word_1_120' title='bbox 1644 1196 1706 1224; x_wconf 87' lang='lat' dir='ltr'><strong>re-</strong></span> 
     </span>
     <span class='ocr_line' id='line_1_17' title="bbox 204 1252 1704 1306; baseline 0.003 -15"><span class='ocrx_word' id='word_1_121' title='bbox 204 1253 307 1300; x_wconf 88' lang='lat' dir='ltr'><strong>fert,</strong></span> <span class='ocrx_word' id='word_1_122' title='bbox 337 1252 572 1298; x_wconf 85' lang='lat' dir='ltr'><strong>cohaerent;</strong></span> <span class='ocrx_word' id='word_1_123' title='bbox 610 1253 756 1291; x_wconf 87' lang='lat' dir='ltr'><strong>etenim</strong></span> <span class='ocrx_word' id='word_1_124' title='bbox 795 1252 852 1292; x_wconf 90' lang='lat' dir='ltr'><strong>ibi</strong></span> <span class='ocrx_word' id='word_1_125' title='bbox 880 1263 1035 1303; x_wconf 91' lang='lat' dir='ltr'><strong>quoque</strong></span> <span class='ocrx_word' id='word_1_126' title='bbox 1076 1252 1275 1303; x_wconf 87' lang='lat' dir='ltr'><strong>imprimis</strong></span> <span class='ocrx_word' id='word_1_127' title='bbox 1326 1264 1418 1301; x_wconf 89' lang='lat' dir='ltr'><strong>eos,</strong></span> <span class='ocrx_word' id='word_1_128' title='bbox 1460 1255 1527 1305; x_wconf 90' lang='lat' dir='ltr'><strong>qui</strong></span> <span class='ocrx_word' id='word_1_129' title='bbox 1562 1255 1704 1306; x_wconf 90' lang='lat' dir='ltr'><strong>opibus</strong></span> 
     </span>
     <span class='ocr_line' id='line_1_18' title="bbox 204 1316 1702 1377; baseline 0.003 -14"><span class='ocrx_word' id='word_1_130' title='bbox 204 1324 362 1374; x_wconf 79' lang='lat' dir='ltr'><strong>valent,</strong></span> <span class='ocrx_word' id='word_1_131' title='bbox 403 1326 578 1374; x_wconf 87' lang='lat' dir='ltr'><strong>castigat</strong></span> <span class='ocrx_word' id='word_1_132' title='bbox 605 1330 724 1377; x_wconf 87' lang='lat' dir='ltr'><strong>atque</strong></span> <span class='ocrx_word' id='word_1_133' title='bbox 759 1316 818 1364; x_wconf 82' lang='lat' dir='ltr'><strong>ita</strong></span> <span class='ocrx_word' id='word_1_134' title='bbox 856 1324 1057 1377; x_wconf 52' lang='lat' dir='ltr'><strong>quidem„</strong></span> <span class='ocrx_word' id='word_1_135' title='bbox 1081 1328 1126 1363; x_wconf 86' lang='lat' dir='ltr'><strong>ut</strong></span> <span class='ocrx_word' id='word_1_136' title='bbox 1153 1336 1203 1363; x_wconf 84' lang='lat' dir='ltr'><strong>ex</strong></span> <span class='ocrx_word' id='word_1_137' title='bbox 1231 1327 1501 1365; x_wconf 88' lang='lat' dir='ltr'><strong>monumentis</strong></span> <span class='ocrx_word' id='word_1_138' title='bbox 1545 1340 1702 1369; x_wconf 91' lang='lat' dir='ltr'><strong>summo</strong></span> 
     </span>
     <span class='ocr_line' id='line_1_19' title="bbox 203 1398 1703 1451; baseline 0.004 -15"><span class='ocrx_word' id='word_1_139' title='bbox 203 1402 363 1449; x_wconf 89' lang='lat' dir='ltr'><strong>sumptu</strong></span> <span class='ocrx_word' id='word_1_140' title='bbox 392 1399 611 1438; x_wconf 84' lang='lat' dir='ltr'><strong>exstructis</strong></span> <span class='ocrx_word' id='word_1_141' title='bbox 638 1398 791 1438; x_wconf 90' lang='lat' dir='ltr'><strong>nullum</strong></span> <span class='ocrx_word' id='word_1_142' title='bbox 821 1398 981 1437; x_wconf 88' lang='lat' dir='ltr'><strong>omnino</strong></span> <span class='ocrx_word' id='word_1_143' title='bbox 1010 1409 1077 1437; x_wconf 80' lang='lat' dir='ltr'><strong>eos</strong></span> <span class='ocrx_word' id='word_1_144' title='bbox 1105 1398 1281 1437; x_wconf 85' lang='lat' dir='ltr'><strong>fructum</strong></span> <span class='ocrx_word' id='word_1_145' title='bbox 1321 1400 1428 1451; x_wconf 92' lang='lat' dir='ltr'><strong>apud</strong></span> <span class='ocrx_word' id='word_1_146' title='bbox 1456 1399 1606 1441; x_wconf 74' lang='lat' dir='ltr'><strong>inferos</strong></span> <span class='ocrx_word' id='word_1_147' title='bbox 1637 1414 1703 1442; x_wconf 88' lang='lat' dir='ltr'><strong>ca-</strong></span> 
     </span>
     <span class='ocr_line' id='line_1_20' title="bbox 204 1471 1705 1525; baseline 0.003 -14"><span class='ocrx_word' id='word_1_148' title='bbox 204 1484 298 1523; x_wconf 88' lang='lat' dir='ltr'><strong>pere</strong></span> <span class='ocrx_word' id='word_1_149' title='bbox 326 1471 497 1511; x_wconf 87' lang='lat' dir='ltr'><strong>Mausoli</strong></span> <span class='ocrx_word' id='word_1_150' title='bbox 525 1472 707 1523; x_wconf 85' lang='lat' dir='ltr'><strong>exemplo</strong></span> <span class='ocrx_word' id='word_1_151' title='bbox 737 1475 913 1524; x_wconf 85' lang='lat' dir='ltr'><strong>exponat</strong></span> <span class='ocrx_word' id='word_1_152' title='bbox 930 1474 981 1511; x_wconf 84' lang='lat' dir='ltr'><strong>-et</strong></span> <span class='ocrx_word' id='word_1_153' title='bbox 1008 1483 1125 1521; x_wconf 85' lang='lat' dir='ltr'><strong>reges</strong></span> <span class='ocrx_word' id='word_1_154' title='bbox 1140 1475 1408 1524; x_wconf 87' lang='lat' dir='ltr'><strong>satrapasque</strong></span> <span class='ocrx_word' id='word_1_155' title='bbox 1435 1475 1575 1525; x_wconf 85' lang='lat' dir='ltr'><strong>inopia</strong></span> <span class='ocrx_word' id='word_1_156' title='bbox 1588 1486 1705 1515; x_wconf 87' lang='lat' dir='ltr'><strong>coac-</strong></span> 
     </span>
     <span class='ocr_line' id='line_1_21' title="bbox 202 1544 1705 1596; baseline 0.003 -13"><span class='ocrx_word' id='word_1_157' title='bbox 202 1547 264 1582; x_wconf 89' lang='lat' dir='ltr'><strong>tos</strong></span> <span class='ocrx_word' id='word_1_158' title='bbox 292 1545 578 1591; x_wconf 85' lang='lat' dir='ltr'><strong>mendicantes,</strong></span> <span class='ocrx_word' id='word_1_159' title='bbox 606 1545 739 1596; x_wconf 83' lang='lat' dir='ltr'><strong>pisces</strong></span> <span class='ocrx_word' id='word_1_160' title='bbox 766 1545 1009 1594; x_wconf 79' lang='lat' dir='ltr'><strong>vendentes,</strong></span> <span class='ocrx_word' id='word_1_161' title='bbox 1037 1545 1234 1583; x_wconf 89' lang='lat' dir='ltr'><strong>elementa</strong></span> <span class='ocrx_word' id='word_1_162' title='bbox 1260 1544 1486 1585; x_wconf 87' lang='lat' dir='ltr'><strong>litterarum</strong></span> <span class='ocrx_word' id='word_1_163' title='bbox 1516 1548 1705 1588; x_wconf 84' lang='lat' dir='ltr'><strong>docentes</strong></span> 
     </span>
     <span class='ocr_line' id='line_1_22' title="bbox 202 1615 1703 1668; baseline 0.002 -12"><span class='ocrx_word' id='word_1_164' title='bbox 202 1615 378 1656; x_wconf 89' lang='lat' dir='ltr'><strong>inducat.</strong></span> <span class='ocrx_word' id='word_1_165' title='bbox 434 1616 643 1668; x_wconf 91' lang='lat' dir='ltr'><strong>Philippus</strong></span> <span class='ocrx_word' id='word_1_166' title='bbox 671 1620 778 1656; x_wconf 90' lang='lat' dir='ltr'><strong>certe</strong></span> <span class='ocrx_word' id='word_1_167' title='bbox 807 1628 828 1656; x_wconf 92' lang='lat' dir='ltr'><strong>e</strong></span> <span class='ocrx_word' id='word_1_168' title='bbox 856 1628 949 1665; x_wconf 86' lang='lat' dir='ltr'><strong>rege</strong></span> <span class='ocrx_word' id='word_1_169' title='bbox 977 1619 1091 1656; x_wconf 87' lang='lat' dir='ltr'><strong>sutor</strong></span> <span class='ocrx_word' id='word_1_170' title='bbox 1117 1618 1481 1658; x_wconf 88' lang='lat' dir='ltr'><strong>veteramentarius</strong></span> <span class='ocrx_word' id='word_1_171' title='bbox 1519 1632 1599 1659; x_wconf 91' lang='lat' dir='ltr'><strong>non</strong></span> <span class='ocrx_word' id='word_1_172' title='bbox 1629 1625 1703 1667; x_wconf 82' lang='lat' dir='ltr'><strong>est,</strong></span> 
     </span>
     <span class='ocr_line' id='line_1_23' title="bbox 204 1687 1705 1741; baseline 0.003 -13"><span class='ocrx_word' id='word_1_173' title='bbox 204 1689 271 1740; x_wconf 87' lang='lat' dir='ltr'><strong>qui</strong></span> <span class='ocrx_word' id='word_1_174' title='bbox 299 1689 477 1728; x_wconf 88' lang='lat' dir='ltr'><strong>Luciano</strong></span> <span class='ocrx_word' id='word_1_175' title='bbox 506 1688 748 1738; x_wconf 87' lang='lat' dir='ltr'><strong>obiurgetur.</strong></span> <span class='ocrx_word' id='word_1_176' title='bbox 803 1687 1009 1729; x_wconf 90' lang='lat' dir='ltr'><strong>Comicum</strong></span> <span class='ocrx_word' id='word_1_177' title='bbox 1038 1690 1143 1729; x_wconf 85' lang='lat' dir='ltr'><strong>enim</strong></span> <span class='ocrx_word' id='word_1_178' title='bbox 1171 1689 1344 1741; x_wconf 83' lang='lat' dir='ltr'><strong>aliquem</strong></span> <span class='ocrx_word' id='word_1_179' title='bbox 1363 1690 1562 1731; x_wconf 88' lang='lat' dir='ltr'><strong>Graecum</strong></span> <span class='ocrx_word' id='word_1_180' title='bbox 1590 1704 1705 1732; x_wconf 91' lang='lat' dir='ltr'><strong>secu-</strong></span> 
     </span>
     <span class='ocr_line' id='line_1_24' title="bbox 202 1759 1391 1815; baseline 0.002 -15"><span class='ocrx_word' id='word_1_181' title='bbox 202 1763 267 1801; x_wconf 89' lang='lat' dir='ltr'><strong>tus</strong></span> <span class='ocrx_word' id='word_1_182' title='bbox 295 1764 376 1800; x_wconf 87' lang='lat' dir='ltr'><strong>tam</strong></span> <span class='ocrx_word' id='word_1_183' title='bbox 407 1761 487 1815; x_wconf 66' lang='lat' dir='ltr'><strong>yile</strong></span> <span class='ocrx_word' id='word_1_184' title='bbox 516 1760 713 1813; x_wconf 90' lang='lat' dir='ltr'><strong>opificium</strong></span> <span class='ocrx_word' id='word_1_185' title='bbox 743 1759 837 1810; x_wconf 83' lang='lat' dir='ltr'><strong>regi·</strong></span> <span class='ocrx_word' id='word_1_186' title='bbox 855 1759 919 1799; x_wconf 86' lang='lat' dir='ltr'><strong>illi</strong></span> <span class='ocrx_word' id='word_1_187' title='bbox 947 1760 1107 1800; x_wconf 89' lang='lat' dir='ltr'><strong>videtur</strong></span> <span class='ocrx_word' id='word_1_188' title='bbox 1134 1762 1325 1802; x_wconf 88' lang='lat' dir='ltr'><strong>tribuisse</strong></span> <span class='ocrx_word' id='word_1_189' title='bbox 1344 1763 1391 1810; x_wconf 85' lang='lat'><strong>²).</strong></span> 
     </span>
    </p>

    <p class='ocr_par' dir='ltr' id='par_1_7' title="bbox 198 1832 1702 2172">
     <span class='ocr_line' id='line_1_25' title="bbox 307 1832 1702 1886; baseline 0.004 -14"><span class='ocrx_word' id='word_1_190' title='bbox 307 1833 517 1885; x_wconf 87' lang='lat' dir='ltr'><strong>Copiosius</strong></span> <span class='ocrx_word' id='word_1_191' title='bbox 548 1833 759 1886; x_wconf 86' lang='lat' dir='ltr'><strong>supplicia,</strong></span> <span class='ocrx_word' id='word_1_192' title='bbox 791 1845 892 1885; x_wconf 89' lang='lat' dir='ltr'><strong>quae</strong></span> <span class='ocrx_word' id='word_1_193' title='bbox 909 1832 958 1872; x_wconf 91' lang='lat' dir='ltr'><strong>de</strong></span> <span class='ocrx_word' id='word_1_194' title='bbox 987 1834 1156 1873; x_wconf 86' lang='lat' dir='ltr'><strong>mortuis</strong></span> <span class='ocrx_word' id='word_1_195' title='bbox 1185 1839 1409 1879; x_wconf 88' lang='lat' dir='ltr'><strong>sumuntur,</strong></span> <span class='ocrx_word' id='word_1_196' title='bbox 1436 1835 1702 1877; x_wconf 88' lang='lat' dir='ltr'><strong>illustrantur.</strong></span> 
     </span>
     <span class='ocr_line' id='line_1_26' title="bbox 200 1904 1702 1959; baseline 0.004 -15"><span class='ocrx_word' id='word_1_197' title='bbox 200 1904 474 1945; x_wconf 85' lang='lat' dir='ltr'><strong>Vividioribus</strong></span> <span class='ocrx_word' id='word_1_198' title='bbox 501 1910 633 1945; x_wconf 87' lang='lat' dir='ltr'><strong>autem</strong></span> <span class='ocrx_word' id='word_1_199' title='bbox 661 1904 864 1945; x_wconf 87' lang='lat' dir='ltr'><strong>coloribus</strong></span> <span class='ocrx_word' id='word_1_200' title='bbox 892 1908 1179 1945; x_wconf 84' lang='lat' dir='ltr'><strong>tormentorum</strong></span> <span class='ocrx_word' id='word_1_201' title='bbox 1207 1918 1355 1956; x_wconf 89' lang='lat' dir='ltr'><strong>genera</strong></span> <span class='ocrx_word' id='word_1_202' title='bbox 1382 1919 1578 1959; x_wconf 86' lang='lat' dir='ltr'><strong>expressa</strong></span> <span class='ocrx_word' id='word_1_203' title='bbox 1599 1921 1702 1959; x_wconf 87' lang='lat' dir='ltr'><strong>esse,</strong></span> 
     </span>
     <span class='ocr_line' id='line_1_27' title="bbox 200 1977 1700 2029; baseline 0.004 -14"><span class='ocrx_word' id='word_1_204' title='bbox 200 1988 301 2028; x_wconf 89' lang='lat' dir='ltr'><strong>quae</strong></span> <span class='ocrx_word' id='word_1_205' title='bbox 329 1977 406 2016; x_wconf 84' lang='lat' dir='ltr'><strong>fuit</strong></span> <span class='ocrx_word' id='word_1_206' title='bbox 432 1977 634 2017; x_wconf 88' lang='lat' dir='ltr'><strong>sententia</strong></span> <span class='ocrx_word' id='word_1_207' title='bbox 672 1977 884 2025; x_wconf 82' lang='lat' dir='ltr'><strong>Solani³)‚</strong></span> <span class='ocrx_word' id='word_1_208' title='bbox 930 1978 1069 2017; x_wconf 87' lang='lat' dir='ltr'><strong>videre</strong></span> <span class='ocrx_word' id='word_1_209' title='bbox 1105 1990 1186 2016; x_wconf 91' lang='lat' dir='ltr'><strong>non</strong></span> <span class='ocrx_word' id='word_1_210' title='bbox 1213 1990 1389 2029; x_wconf 86' lang='lat' dir='ltr'><strong>possum.</strong></span> <span class='ocrx_word' id='word_1_211' title='bbox 1444 1979 1555 2026; x_wconf 88' lang='lat' dir='ltr'><strong>Quae</strong></span> <span class='ocrx_word' id='word_1_212' title='bbox 1595 1982 1700 2021; x_wconf 89' lang='lat' dir='ltr'><strong>enim</strong></span> 
     </span>
     <span class='ocr_line' id='line_1_28' title="bbox 199 2047 1700 2102; baseline 0.003 -13"><span class='ocrx_word' id='word_1_213' title='bbox 199 2048 249 2089; x_wconf 89' lang='lat' dir='ltr'><strong>de</strong></span> <span class='ocrx_word' id='word_1_214' title='bbox 277 2047 339 2089; x_wconf 92' lang='lat' dir='ltr'><strong>his</strong></span> <span class='ocrx_word' id='word_1_215' title='bbox 378 2049 498 2090; x_wconf 89' lang='lat' dir='ltr'><strong>rebus</strong></span> <span class='ocrx_word' id='word_1_216' title='bbox 536 2048 602 2089; x_wconf 89' lang='lat' dir='ltr'><strong>hic</strong></span> <span class='ocrx_word' id='word_1_217' title='bbox 644 2049 844 2098; x_wconf 84' lang='lat' dir='ltr'><strong>dicuntur,</strong></span> <span class='ocrx_word' id='word_1_218' title='bbox 887 2049 1008 2089; x_wconf 87' lang='lat' dir='ltr'><strong>etiam</strong></span> <span class='ocrx_word' id='word_1_219' title='bbox 1038 2049 1135 2090; x_wconf 87' lang='lat' dir='ltr'><strong>alibi</strong></span> <span class='ocrx_word' id='word_1_220' title='bbox 1164 2051 1271 2102; x_wconf 89' lang='lat' dir='ltr'><strong>apud</strong></span> <span class='ocrx_word' id='word_1_221' title='bbox 1298 2050 1518 2091; x_wconf 88' lang='lat' dir='ltr'><strong>Lucianum</strong></span> <span class='ocrx_word' id='word_1_222' title='bbox 1545 2053 1700 2094; x_wconf 86' lang='lat' dir='ltr'><strong>inveni-</strong></span> 
     </span>
     <span class='ocr_line' id='line_1_29' title="bbox 198 2121 374 2172; baseline -0.011 -13"><span class='ocrx_word' id='word_1_223' title='bbox 198 2124 318 2159; x_wconf 90' lang='lat' dir='ltr'><strong>untur</strong></span> <span class='ocrx_word' id='word_1_224' title='bbox 329 2121 374 2172; x_wconf 73' lang='lat'><strong>4).</strong></span> 
     </span>
    </p>

    <p class='ocr_par' dir='ltr' id='par_1_8' title="bbox 303 2192 1700 2248">
     <span class='ocr_line' id='line_1_30' title="bbox 303 2192 1700 2248; baseline 0.004 -16"><span class='ocrx_word' id='word_1_225' title='bbox 303 2192 433 2233; x_wconf 89' lang='lat' dir='ltr'><strong>Maior</strong></span> <span class='ocrx_word' id='word_1_226' title='bbox 462 2197 597 2234; x_wconf 84' lang='lat' dir='ltr'><strong>tamen</strong></span> <span class='ocrx_word' id='word_1_227' title='bbox 626 2193 818 2242; x_wconf 90' lang='lat' dir='ltr'><strong>offensio,</strong></span> <span class='ocrx_word' id='word_1_228' title='bbox 848 2205 872 2233; x_wconf 91' lang='lat' dir='ltr'><strong>a</strong></span> <span class='ocrx_word' id='word_1_229' title='bbox 899 2194 1022 2238; x_wconf 90' lang='lat' dir='ltr'><strong>nullo,</strong></span> <span class='ocrx_word' id='word_1_230' title='bbox 1063 2195 1166 2246; x_wconf 89' lang='lat' dir='ltr'><strong>quod</strong></span> <span class='ocrx_word' id='word_1_231' title='bbox 1195 2195 1343 2241; x_wconf 87' lang='lat' dir='ltr'><strong>sciam,</strong></span> <span class='ocrx_word' id='word_1_232' title='bbox 1383 2195 1462 2235; x_wconf 90' lang='lat' dir='ltr'><strong>iam</strong></span> <span class='ocrx_word' id='word_1_233' title='bbox 1491 2200 1632 2248; x_wconf 91' lang='lat' dir='ltr'><strong>aperta</strong></span> <span class='ocrx_word' id='word_1_234' title='bbox 1660 2198 1700 2238; x_wconf 90' lang='lat' dir='ltr'><strong>in</strong></span> 
     </span>
    </p>
   </div>
   <div class='ocr_carea' id='block_1_6' title="bbox 197 2296 448 2303">
    <p class='ocr_par' dir='ltr' id='par_1_9' title="bbox 197 2296 448 2303">
     <span class='ocr_line' id='line_1_31' title="bbox 197 2296 448 2303; baseline 0 633"><span class='ocrx_word' id='word_1_235' title='bbox 197 2296 448 2303; x_wconf 95' lang='lat' dir='ltr'><strong> </strong></span> 
     </span>
    </p>
   </div>
   <div class='ocr_carea' id='block_1_7' title="bbox 199 2334 1700 2697">
    <p class='ocr_par' dir='ltr' id='par_1_10' title="bbox 199 2334 1700 2697">
     <span class='ocr_line' id='line_1_32' title="bbox 281 2334 1114 2389; baseline 0.001 -12"><span class='ocrx_word' id='word_1_236' title='bbox 281 2346 318 2387; x_wconf 89' lang='lat'><strong>1)</strong></span> <span class='ocrx_word' id='word_1_237' title='bbox 342 2346 381 2377; x_wconf 80' lang='lat' dir='ltr'><strong>de</strong></span> <span class='ocrx_word' id='word_1_238' title='bbox 402 2347 631 2387; x_wconf 81' lang='lat' dir='ltr'><strong>Necyomantia</strong></span> <span class='ocrx_word' id='word_1_239' title='bbox 655 2348 783 2389; x_wconf 83' lang='lat' dir='ltr'><strong>dialogo</strong></span> <span class='ocrx_word' id='word_1_240' title='bbox 807 2347 941 2380; x_wconf 81' lang='lat' dir='ltr'><strong>Lusiani</strong></span> <span class='ocrx_word' id='word_1_241' title='bbox 967 2334 1114 2388; x_wconf 78' lang='lat' dir='ltr'><strong>genuino.</strong></span> 
     </span>
     <span class='ocr_line' id='line_1_33' title="bbox 573 2396 995 2452; baseline 0 -11"><span class='ocrx_word' id='word_1_242' title='bbox 573 2407 767 2449; x_wconf 68' lang='lat' dir='ltr'><strong>Rostochiae</strong></span> <span class='ocrx_word' id='word_1_243' title='bbox 790 2409 883 2443; x_wconf 81' lang='lat'>1864.</span> <span class='ocrx_word' id='word_1_244' title='bbox 907 2396 938 2452; x_wconf 52' lang='lat' dir='ltr'><strong>pss</strong></span> <span class='ocrx_word' id='word_1_245' title='bbox 964 2409 995 2442; x_wconf 85' lang='lat'><strong>5.</strong></span> 
     </span>
     <span class='ocr_line' id='line_1_34' title="bbox 282 2469 1070 2510; baseline 0 -8"><span class='ocrx_word' id='word_1_246' title='bbox 282 2471 316 2507; x_wconf 75' lang='lat'><strong>2)</strong></span> <span class='ocrx_word' id='word_1_247' title='bbox 341 2470 396 2501; x_wconf 85' lang='lat' dir='ltr'><strong>Fr.</strong></span> <span class='ocrx_word' id='word_1_248' title='bbox 420 2469 630 2502; x_wconf 84' lang='lat' dir='ltr'><strong>Fritzschius.</strong></span> <span class='ocrx_word' id='word_1_249' title='bbox 652 2470 730 2503; x_wconf 85' lang='lat' dir='ltr'><strong>Luc.</strong></span> <span class='ocrx_word' id='word_1_250' title='bbox 754 2471 803 2503; x_wconf 82' lang='lat' dir='ltr'><strong>ed.</strong></span> <span class='ocrx_word' id='word_1_251' title='bbox 827 2472 871 2510; x_wconf 84' lang='lat' dir='ltr'><strong>u,</strong></span> <span class='ocrx_word' id='word_1_252' title='bbox 896 2473 915 2504; x_wconf 91' lang='lat'>1</span> <span class='ocrx_word' id='word_1_253' title='bbox 937 2471 977 2503; x_wconf 72' lang='lat' dir='ltr'><strong>acl</strong></span> <span class='ocrx_word' id='word_1_254' title='bbox 999 2471 1030 2502; x_wconf 88' lang='lat' dir='ltr'><strong>h.</strong></span> <span class='ocrx_word' id='word_1_255' title='bbox 1047 2470 1070 2504; x_wconf 93' lang='lat' dir='ltr'><strong>l.</strong></span> 
     </span>
     <span class='ocr_line' id='line_1_35' title="bbox 279 2531 1700 2577; baseline 0.004 -14"><span class='ocrx_word' id='word_1_256' title='bbox 279 2532 313 2570; x_wconf 70' lang='lat'><strong>3)</strong></span> <span class='ocrx_word' id='word_1_257' title='bbox 338 2532 387 2563; x_wconf 84' lang='lat' dir='ltr'><strong>ed.</strong></span> <span class='ocrx_word' id='word_1_258' title='bbox 412 2532 485 2573; x_wconf 89' lang='lat' dir='ltr'><strong>Bip.</strong></span> <span class='ocrx_word' id='word_1_259' title='bbox 511 2531 559 2563; x_wconf 87' lang='lat'><strong>111</strong></span> <span class='ocrx_word' id='word_1_260' title='bbox 582 2541 615 2572; x_wconf 88' lang='lat' dir='ltr'><strong>p.</strong></span> <span class='ocrx_word' id='word_1_261' title='bbox 638 2532 701 2565; x_wconf 80' lang='lat'><strong>402</strong></span> <span class='ocrx_word' id='word_1_262' title='bbox 724 2533 763 2564; x_wconf 82' lang='lat' dir='ltr'><strong>ad</strong></span> <span class='ocrx_word' id='word_1_263' title='bbox 788 2533 808 2574; x_wconf 85' lang='lat'>§</span> <span class='ocrx_word' id='word_1_264' title='bbox 833 2533 873 2566; x_wconf 77' lang='lat'><strong>14</strong></span> <span class='ocrx_word' id='word_1_265' title='bbox 896 2534 973 2565; x_wconf 82' lang='lat' dir='ltr'><strong>Nec.</strong></span> <span class='ocrx_word' id='word_1_266' title='bbox 999 2543 1029 2563; x_wconf 80' lang='lat' dir='ltr'><strong>v.</strong></span> <span class='ocrx_word' id='word_1_267' title='bbox 1056 2531 1256 2574; x_wconf 60' lang='grc' dir='ltr'><strong>ὀπτωμένων</strong></span> <span class='ocrx_word' id='word_1_268' title='bbox 1291 2534 1388 2571; x_wconf 80' lang='lat' dir='ltr'><strong>,haud</strong></span> <span class='ocrx_word' id='word_1_269' title='bbox 1413 2538 1542 2573; x_wconf 70' lang='lat' dir='ltr'><strong>temore,</strong></span> <span class='ocrx_word' id='word_1_270' title='bbox 1590 2538 1700 2577; x_wconf 71' lang='lat' dir='ltr'><strong>inquit,</strong></span> 
     </span>
     <span class='ocr_line' id='line_1_36' title="bbox 199 2593 777 2635; baseline 0.003 -11"><span class='ocrx_word' id='word_1_271' title='bbox 199 2593 315 2625; x_wconf 62' lang='lat' dir='ltr'><strong>similia</strong></span> <span class='ocrx_word' id='word_1_272' title='bbox 340 2593 421 2635; x_wconf 81' lang='lat' dir='ltr'><strong>apud</strong></span> <span class='ocrx_word' id='word_1_273' title='bbox 445 2594 588 2626; x_wconf 77' lang='lat' dir='ltr'><strong>ethnicos</strong></span> <span class='ocrx_word' id='word_1_274' title='bbox 611 2594 777 2626; x_wconf 86' lang='lat' dir='ltr'><strong>invenies‘.</strong></span> 
     </span>
     <span class='ocr_line' id='line_1_37' title="bbox 287 2655 1049 2697; baseline 0.001 -10"><span class='ocrx_word' id='word_1_275' title='bbox 287 2655 323 2694; x_wconf 72' lang='lat'><strong>4)</strong></span> <span class='ocrx_word' id='word_1_276' title='bbox 349 2655 422 2686; x_wconf 79' lang='lat' dir='ltr'><strong>dial.</strong></span> <span class='ocrx_word' id='word_1_277' title='bbox 449 2658 542 2688; x_wconf 77' lang='lat' dir='ltr'><strong>mort.</strong></span> <span class='ocrx_word' id='word_1_278' title='bbox 565 2656 657 2696; x_wconf 80' lang='lat' dir='ltr'><strong>XXX,</strong></span> <span class='ocrx_word' id='word_1_279' title='bbox 682 2657 713 2697; x_wconf 69' lang='lat'><strong>1,</strong></span> <span class='ocrx_word' id='word_1_280' title='bbox 739 2656 808 2687; x_wconf 76' lang='lat' dir='ltr'><strong>Ver.</strong></span> <span class='ocrx_word' id='word_1_281' title='bbox 833 2657 909 2689; x_wconf 74' lang='lat' dir='ltr'><strong>hist.</strong></span> <span class='ocrx_word' id='word_1_282' title='bbox 933 2660 973 2696; x_wconf 90' lang='lat' dir='ltr'><strong>ll,</strong></span> <span class='ocrx_word' id='word_1_283' title='bbox 997 2658 1049 2689; x_wconf 76' lang='lat'><strong>29.</strong></span> 
     </span>
    </p>
   </div>
   <div class='ocr_carea' id='block_1_8' title="bbox 1783 0 1860 166">
    <p class='ocr_par' dir='ltr' id='par_1_11' title="bbox 1783 0 1860 166">
     <span class='ocr_line' id='line_1_38' title="bbox 1783 0 1860 166; baseline 0 -134"><span class='ocrx_word' id='word_1_284' title='bbox 1783 0 1860 166; x_wconf 83' lang='lat'>5</span> 
     </span>
    </p>
   </div>
  </div>
 </body>
</html>
