1860 2936
732 160 1101 200 -36—

166 256 328 304 causam
368 256 550 306 obtinuit.
608 265 759 313 Quodsi
797 267 995 318 quomodo
1033 268 1181 306 iudicio
1224 266 1419 305 liberatus
1462 267 1540 316 sit,
1583 279 1673 306 cum

165 338 503 388 praecedentibus
551 340 683 380 minus
721 343 986 389 congruenter
1026 340 1174 392 exponi
1214 351 1294 379 non
1326 339 1479 391 potuit,
1509 338 1674 379 dubium

167 421 255 450 esse
282 423 363 451 nen
393 416 547 467 potest,
583 412 678 464 quin
718 412 919 452 Lucianus
959 416 1067 453 certo
1097 412 1271 464 quodam
1315 411 1482 451 consilio
1528 410 1672 451 ductus

166 480 270 522 hanc
308 496 396 524 rem
439 485 616 525 orationi
655 485 983 525 intermiscuerit.
1041 484 1145 525 Illud
1183 497 1277 525 vero
1321 484 1438 537 quale
1474 483 1595 523 fuerit
1630 491 1675 524 ut

166 554 347 595 iudicare
374 558 590 608 possimus,
622 558 750 597 oratio
765 557 886 609 paulo
903 557 1026 597 altius
1052 558 1273 609 repetenda
1300 561 1340 598 et
1367 558 1417 596 ad
1447 556 1672 605 ‚Ima-gines‘

170 627 375 677 dialogum
395 624 635 671 'revocanda
662 620 749 670 est.
767 630 830 670 Ibi
859 630 964 670 enim
996 630 1213 682 quaeritur,
1242 642 1335 669 num
1352 629 1543 678 Panthea,
1572 640 1674 680 quae

168 699 320 740 femina
348 702 533 743 omnibus
561 707 599 743 et
627 704 808 754 corporis
838 707 877 743 et
905 704 1031 743 animi
1057 703 1273 743 virtutibus
1310 700 1674 741 instructa-fuisse
1702 711 1710 716 ·

169 772 337 819 dicitur,
365 787 508 815 revera
535 776 697 815 vixerit.
755 774 978 815 Wetzlarus
993 776 1025 827 ¹)
1064 776 1248 828 quidem,
1285 778 1498 833 postquam
1537 785 1673 812 omnes

168 846 344 885 virorum
375 848 584 887 doctorum
613 847 663 888 de
691 847 774 887 hac·
793 847 962 887 muliere
991 848 1199 900 opiniones
1217 847 1308 888 ideo
1325 851 1432 887 stare
1460 858 1536 885 non
1553 857 1674 896 posse

172 919 371 970 exposuit,
401 921 507 971 quod
535 920 641 968 ,stilo
659 921 835 960 oratorio
852 923 891 960 et
904 920 1056 961 fucato‘
1083 920 1148 961 hic
1175 920 1278 961 liber
1305 919 1516 960 aLueiano
1533 918 1675 957 iuvene

171 992 349 1042 scriptus
379 1005 467 1032 esse
497 996 758 1043 argueretur,
786 994 981 1033 Antonini
1012 997 1146 1033 autem
1173 993 1236 1033 Pii
1263 1005 1390 1045 neque
1418 1004 1520 1031 uxor
1547 1003 1675 1042 neque

170 1064 405 1111 concubina,
435 1077 536 1116 quae
563 1065 747 1115 intellegi
775 1069 936 1117 posset,
973 1066 1022 1106 ab
1051 1065 1256 1106 historicis
1285 1077 1459 1118 unquam
1502 1077 1674 1106 comme-

169 1140 427 1184 momamtur,
457 1136 575 1183 ,hunc
600 1138 801 1186 dialogum
826 1135 1018 1186 ἐπίδειξιν
1037 1125 1375 1178 *declamationem
1406 1139 1456 1177 ad
1474 1149 1675 1190 pompam,

120 1263 122 1265 q
170 1211 210 1245 et
238 1211 549 1249 ostentationem
579 1212 627 1250 de
656 1214 892 1259 argumento
923 1211 972 1250 ab
1012 1211 1264 1251 auditoribus
1292 1213 1513 1263 proposito‘
1550 1210 1675 1254 fuisse

172 1282 340 1319 censuit.
371 1281 442 1320 Cui
474 1294 522 1320 ne
551 1282 762 1331 assentiar,
790 1283 888 1334 ipsis
915 1283 1084 1322 Luciani
1114 1283 1244 1322 verbis
1272 1284 1481 1335 impedior.
1509 1284 1547 1323 Is
1567 1284 1675 1323 enim

172 1364 262 1390 cuin
291 1353 537 1403 imperatore
570 1367 658 1394 eam
689 1355 824 1395 vivere
853 1354 1003 1406 dixit2)
1035 1367 1202 1407 eumque
1239 1355 1399 1395 beatum
1430 1368 1520 1396 esse
1558 1368 1674 1408 prae-

171 1425 340 1474 dicavit,
371 1427 477 1479 quod
505 1427 598 1467 talis
626 1428 797 1478 femina,
824 1428 895 1467 illa
924 1431 1057 1468 aetate
1085 1431 1204 1476 nata,
1236 1440 1371 1467 amore
1407 1441 1495 1468 eum
1534 1440 1675 1481 prose-

172 1501 415 1551 queretur-³).
471 1499 587 1539 Itane
620 1504 786 1550 autem,
828 1514 917 1540 cum
959 1502 1079 1540 verbo
1119 1497 1317 1547 βασιλεὺς
1354 1502 1577 1552 imperatur
1612 1501 1676 1540 vel

169 1571 303 1619 regius
333 1573 495 1623 quidam
525 1572 759 1612 adolescens
789 1573 1016 1612 necessario
1045 1572 1341 1622 intellegendus
1371 1573 1454 1622 sit,
1485 1572 1675 1612 credibile

172 1646 253 1690 est,
304 1657 392 1683 eum
431 1645 677 1697 scripturum
704 1646 851 1694 fuisse,
886 1646 964 1684 nisi
1003 1649 1151 1685 certam
1182 1644 1384 1696 quandam
1412 1645 1607 1685 feminam
1628 1634 1677 1685 ⁴et

172 1719 324 1754 certum
355 1718 555 1768 quendam
583 1719 870 1769 imperatorem
897 1718 1173 1769 respexisset?
1229 1704 1575 1758 Considerandum
1600 1718 1676 1768 igi·

170 1791 249 1835 tur,
278 1800 374 1828 num
404 1790 498 1841 quid
528 1791 625 1829 certi
655 1790 703 1828 de
733 1790 790 1830 eis
819 1790 943 1829 statui
971 1790 1113 1840 possit.

276 1881 525 1922 Wielandius
537 1883 571 1931 ⁴)
601 1882 863 1922 concubinam
893 1894 995 1929 eam,
1024 1883 1135 1922 cuius
1165 1883 1453 1922 consuetudine
1481 1884 1534 1923 M.
1548 1884 1677 1923 Aure-·

170 1952 248 1992 lius
278 1952 471 1994 Faustina
498 1967 624 1996 uxore
653 1967 757 1995 anno
789 1956 865 1994 172
892 1958 1052 1994 mortua
1080 1958 1285 2005 uteretur,
1315 1955 1536 2005 significari
1563 1952 1675 2005 inge-

170 2025 283 2064 niose
313 2027 538 2077 suspicetus
568 2031 640 2066 est.
692 2028 777 2067 Sed
805 2029 935 2066 totum
966 2026 1126 2066 dicendi
1155 2038 1280 2076 genus
1309 2026 1411 2066 adeo
1447 2026 1676 2067 rhetoricen

171 2097 339 2143 redolet,
367 2104 412 2139 ut
439 2101 479 2139 in
509 2112 595 2139 eam
628 2104 817 2145 aetatem,
846 2112 924 2151 qua.
951 2099 1152 2139 Lucianus
1194 2100 1341 2138 satiras
1371 2104 1410 2139 et
1446 2100 1676 2140 inventione

172 2173 212 2209 et
241 2170 418 2210 dictione
446 2171 763 2222 perfectissimas
802 2171 1203 2222 absolutissimasque
1239 2171 1422 2223 scripsit,
1495 2170 1560 2211 hic
1589 2171 1675 2211 dia·

171 2242 287 2290 logus
325 2243 468 2281 referri
505 2256 585 2282 non
623 2243 767 2296 possit.
807 2243 932 2299 *Nihil
957 2247 1109 2282 -autem
1160 2242 1318 2281 obstare
1364 2244 1503 2290 video,
1544 2256 1593 2283 ne
1635 2244 1676 2284 in

258 2429 290 2469 1)
314 2428 351 2459 ‹lc
376 2429 453 2467 vita,
483 2431 584 2462 aelate
610 2431 640 2460 el
664 2428 794 2470 scriptis
816 2427 949 2460 Luciani
975 2426 1007 2460 S.
1032 2427 1193 2468 Morburg.
1220 2428 1312 2462 1830.

254 2492 288 2530 2)
314 2491 412 2530 imag.
439 2491 458 2531 ’ς’
484 2492 532 2522 10.

254 2553 288 2590 3)
311 2554 408 2591 Imag.
434 2551 454 2592 ᾗ
478 2552 528 2583 22.

253 2613 289 2653 4)
315 2614 333 2644 Ι.
359 2624 383 2643 v.
412 2614 455 2644 ΙΙΙ
482 2624 511 2654 p.
538 2615 608 2646 305.
