1860 2936
750 153 799 159 .....
908 129 958 169 26
1066 153 1116 159 .-

180 248 230 287 με
262 233 405 286 νέηλυν
435 231 551 274 ὅντα“
582 239 620 275 et
648 235 691 286 (ἕ
719 236 776 281 2).
804 232 928 279 ,ὥστε
958 232 1009 273 σύ
1036 234 1110 288 μὲν
1140 233 1371 287 (Μένιππε)
1400 232 1691 288 ἐπιλεξάμενος

181 304 324 351 τόπον,
355 304 458 348 ἔνθα
489 305 539 346 ἂν
570 305 712 360 ἐθέλῃς
740 305 1002 355 καταβαλὼν
1033 305 1199 347 σαυτόνι
1215 307 1448 360 Menippum
1477 307 1528 347 ad
1556 306 1689 347 Ache-

179 384 338 419 runtem
367 380 505 419 venire
534 384 729 432 apparet;
759 381 826 432 qui
855 381 1062 428 traiectus,
1092 393 1181 421 cum
1197 380 1419 420 Mercurius
1450 379 1617 431 paulum
1644 381 1689 419 in

181 452 370 491 ulteriore
398 452 488 505 ripa
515 452 760 493 remansisse
798 452 975 501 dicatur,
1011 456 1056 492 ut
1092 454 1199 492 viros
1235 442 1402 504 pulchro
1441 456 1480 492 et
1513 451 1691 493 feminas

178 524 367 577 pulchras
400 527 436 565 ei
464 529 675 574 monstret,
704 526 744 565 id
773 526 881 578 quod
910 538 999 566 cum
1031 527 1223 567 extremis
1255 525 1403 576 dialogi
1430 525 1525 565 Xmi
1552 525 1689 565 verbis

177 603 390 650 repugnat,
418 599 657 649 non'magis
682 611 772 638 cum
799 600 933 651 priore
961 598 1030 639 illo
1062 599 1175 645 (dial.
1203 598 1259 648 X)
1298 598 1507 638 conciliari
1535 600 1685 650 potest,

179 684 298 722 quam
327 672 395 724 qui
425 671 586 721 dialogo
614 671 761 711 XXmo
793 671 942 711 subest.
1000 671 1215 724 Menippus
1255 673 1358 711 enim
1401 671 1524 710 modo
1562 672 1684 711 adve—

177 744 287 784 nisse
316 745 418 783 satis
448 744 556 784 clare
584 744 639 783 ibi
670 744 869 793 arguitur,
901 744 1008 796 quod
1037 743 1138 783 nihil
1165 745 1206 783 in
1249 756 1343 783 orco
1374 744 1521 783 vidisse
1548 744 1712 796 perhb-

178 817 319 864 betur,
361 817 440 855 nisi
471 829 573 868 quae
612 816 666 856 ad
706 816 858 857 inferos
886 817 1071 877 euntibus
1114 817 1383 857 occurrebant
1402 817 1447 861 1).
1504 818 1684 864 Accedit,

178 890 283 942 quod
313 889 386 929 sub
415 890 533 928 finem
572 889 722 939 dialogi
736 890 770 940 2)
809 889 909 929 dicit
944 902 988 930 se
1025 890 1142 929 iuxta
1177 889 1367 929 Croesum
1411 893 1450 929 et
1483 890 1685 929 Sardana-

176 963 339 1015 palum,
368 974 538 1014 quorum
567 963 751 1014 querelas
789 964 1029 1002 confusurus
1069 975 1155 1002 esse
1193 963 1268 1003 sibi
1297 962 1501 1009 videatur,
1529 962 1685 1006 habita-⁴

175 1039 311 1074 turum
342 1048 440 1075 esse.
497 1035 692 1074 Futurum
721 1036 845 1085 igitur
870 1035 915 1075 id
943 1048 1030 1075 esse
1057 1035 1132 1075 hoc
1159 1035 1248 1075 loco
1278 1035 1548 1085 significatur,
1577 1035 1685 1086 quod
1733 1037 1746 1040 ’
1764 1031 1778 1038 ’”

175 1109 217 1147 in
247 1108 407 1157 dialogo
435 1107 496 1146 Ilo
528 1108 615 1147 fieri
643 1107 827 1158 legimus.
884 1108 1115 1148 Clarissimo
1155 1111 1289 1147 autem
1315 1120 1336 1147 e
1366 1107 1525 1158 dialogo
1566 1107 1685 1148 XXII

145 1169 356 1232 rpers’pici
386 1183 545 1231 potest,
584 1180 738 1219 nullum
767 1180 875 1219 inter
904 1180 1083 1230 singulos
1112 1180 1296 1230 dialogos
1324 1192 1470 1219 nexum
1512 1181 1683 1221 interce-

177 1253 282 1292 dere.
313 1254 471 1293 Charon
500 1253 553 1291 ibi
583 1253 832 1305 Menippum,
860 1254 962 1304 quod
994 1252 1154 1292 obolum
1184 1265 1261 1292 non
1290 1252 1541 1305 pependerit,
1570 1264 1682 1292 acer-

174 1327 276 1365 rime
305 1326 513 1374 obiurgat;
543 1328 685 1365 contra
709 1317 811 1377 quae
839 1327 874 1365 is
903 1327 944 1365 in
974 1326 1206 1365 memoriam
1237 1326 1274 1365 ei
1301 1329 1462 1365 revocat
1490 1325 1534 1364 in
1561 1327 1683 1365 remi-

174 1398 308 1447 gando
340 1409 364 1435 a
392 1409 436 1437 se
464 1398 647 1436 adiutum
676 1409 766 1435 eum
795 1409 894 1436 esse.
951 1397 1038 1436 Hoc
1068 1410 1161 1436 vero
1191 1397 1483 1445 ministerium,
1519 1398 1567 1436 de
1605 1410 1682 1449 quo

174 1471 215 1508 in
244 1474 492 1508 mortuorum
523 1469 694 1518 dialogis
722 1469 820 1508 nihil
858 1469 1083 1515 invenitur,
1122 1470 1163 1508 in
1193 1469 1364 1518 dialogi,
1394 1469 1462 1520 qui
1490 1468 1682 1520 Cataplus

172 1541 420 1588 inscribitur,
449 1543 474 1589 ξ
506 1541 553 1579 19
581 1553 606 1580 a
634 1541 805 1591 Cynisco
834 1540 1024 1580 Charonti
1051 1545 1281 1592 praestatur
1298 1541 1344 1587 ³).
1383 1540 1523 1592 Itaque
1552 1542 1683 1581 credi-

174 1614 303 1653 derim
331 1613 551 1653 Lucianum
581 1613 635 1652 ad
662 1612 733 1652 illa
761 1612 884 1653 verba
909 1613 984 1653 hoc
1013 1613 1101 1653 loco
1131 1613 1322 1661 alludere,
1353 1613 1457 1653 unde
1476 1613 1580 1654 hunc
1599 1614 1682 1653 dia-

172 1688 306 1737 logum
349 1691 441 1726 aute
477 1690 726 1726 mortuorum
764 1685 946 1736 dialogos
983 1686 1180 1738 scriptum
1219 1698 1308 1726 esse
1346 1686 1542 1738 sequitur;
1583 1686 1682 1741 bene

173 1762 306 1798 autem
339 1759 460 1799 etiam
488 1760 551 1808 id,
594 1758 702 1810 quod
730 1770 853 1809 supra
891 1760 1036 1805 statui,
1075 1759 1168 1797 inde
1208 1758 1400 1807 fulcitur,
1446 1758 1612 1809 cynicos
1640 1760 1682 1798 in

171 1831 337 1872 Luciani
366 1831 529 1883 scriptis
557 1830 718 1870 nomine
748 1829 921 1878 differre,
949 1830 1128 1870 moribus
1156 1830 1277 1882 plane
1305 1831 1456 1870 eisdem
1486 1843 1586 1871 esse.

275 1925 492 1965 Praeterea
529 1924 743 1976 Menippus
773 1923 986 1964 Charontis
1013 1925 1127 1963 iussu
1161 1924 1300 1963 libenti
1337 1925 1470 1963 animo
1499 1923 1682 1962 baculum

170 2002 211 2038 et
236 2010 399 2050 peram,
428 2010 478 2037 ne
509 1997 653 2049 cymba
680 1997 801 2036 nimis
830 1994 1065 2036 oneraretur
1093 1996 1296 2037 abiecerat
1315 1996 1373 2045 4);
1411 1996 1582 2035 eundem
1611 2007 1681 2035 au·

171 2075 253 2111 tem
281 2070 425 2110 baculo
454 2071 497 2109 in
524 2069 684 2119 dialogo
711 2068 894 2109 XXIImo
933 2069 1125 2109 Charonti
1163 2069 1335 2108 verbera
1368 2069 1632 2107 intentantem
1647 2068 1681 2120 5)

171 2143 493 2195 Charontemque
521 2154 663 2195 peram
693 2142 778 2183 eius
806 2144 1133 2194 perscrutantem
1162 2142 1341 2182 videmus
1355 2141 1402 2193 ⁰).
1456 2139 1588 2181 Habet
1606 2141 1682 2191 igi-

254 2313 288 2351 1)
314 2310 390 2342 dial.
414 2311 508 2341 mort.
531 2310 595 2349 XX,
620 2310 651 2341 1.

253 2374 288 2414 2)
313 2372 388 2404 dial.
412 2374 506 2404 mort.
530 2372 596 2409 XX,
622 2372 652 2403 6.

252 2436 287 2475 3)
312 2437 386 2468 eat.
410 2435 443 2476 §.
470 2436 520 2467 19.

253 2497 289 2534 4)
313 2496 387 2527 dial.
411 2498 504 2527 mort.
530 2496 569 2533 X,
593 2496 624 2527 2.

253 2560 289 2599 5)
313 2558 387 2589 dial.
415 2559 510 2589 mort.
535 2558 639 2599 XXII,
665 2557 693 2589 1.

252 2621 287 2659 6)
311 2620 385 2651 dial.
411 2623 504 2652 mort.
530 2621 626 2658 XXII,
652 2620 681 2651 3.
