1860 2936
752 175 802 181 -
914 154 963 191 14
1073 175 1119 182 ...

184 257 412 296 faciendum
451 258 559 297 notis
600 268 686 296 esse
724 260 926 308 putamus,
962 261 1007 297 ut
1044 269 1308 310 exponamus,
1354 258 1512 310 quando
1550 258 1603 306 hi,
1644 260 1693 299 de

187 330 331 382 quibus
361 330 533 379 agimus,
575 329 727 380 dialogi
755 341 780 369 a
802 329 979 370 Luciano
1012 330 1156 383 scripti
1183 342 1273 371 esse
1308 331 1531 371 videantur.
1582 331 1692 378 Quae

186 403 346 456 quidem
378 404 560 455 quaestio
588 403 681 443 inde
708 414 788 443 non
818 403 984 453 exiguas
1014 402 1273 445 difficultates
1287 407 1435 452 movet,
1461 402 1582 455 quod,
1599 413 1688 444 cum

186 476 297 515 nulla
325 475 487 514 omnino
517 476 624 526 apud
654 475 756 514 alios
783 474 1019 526 scriptores,
1047 486 1148 527 quae
1168 475 1244 515 huc
1263 476 1428 524 faciant,
1457 470 1692 516 testimonia

184 548 468 596 inveniantur,
511 546 620 587 solos
658 547 829 588 Luciani
866 545 1026 588 libellos
1061 546 1273 596 habemus,
1316 547 1423 590 unde
1461 546 1613 588 indicia
1640 547 1690 588 de

185 626 366 672 tempore
395 631 473 670 quo
502 618 684 669 singulos
711 619 942 671 scripserit,
971 619 1149 659 eruenda
1174 619 1293 660 nobis
1320 619 1415 660 sint.
1444 644 1446 646 -
1468 620 1529 660 Ac
1554 622 1691 659 temen

187 705 234 733 οο
262 691 430 732 maioris
458 691 654 732 momenti
682 694 746 733 est
770 692 815 732 in
840 690 946 732 hanc
972 703 1057 732 rem
1083 691 1303 744 inquirere,
1331 691 1427 744 quia
1445 703 1573 745 neque
1594 702 1689 732 con-

185 764 322 803 silium
352 775 483 815 neque
511 762 712 802 scribendi
740 750 867 812 genus
892 763 1000 803 idem
1027 774 1189 815 semper
1207 767 1370 803 secutus
1388 768 1461 811 est,
1491 763 1562 803 sed
1585 775 1691 803 com-

184 837 322 889 plures
349 837 391 875 in
419 835 635 876 scribendo
665 838 820 876 aetates
848 836 1059 888 percurrit.
1100 835 1161 876 De
1190 835 1335 888 quibus
1364 837 1444 876 nisi
1467 837 1581 889 prius
1599 849 1690 887 ege-

178 903 312 949 rimus
342 912 394 955 et,
423 919 503 959 qua
518 908 604 947 fieri
620 911 769 959 potest,
797 907 1086 959 probabilitate
1116 908 1357 947 arctioribus
1385 890 1529 948 fihibus
1547 921 1689 948 unam-

184 993 384 1033 quamque
422 980 874 1031 circumscripserimus,
926 980 994 1019 vix
1022 980 1106 1020 fieri
1142 981 1314 1031 poterit,
1352 983 1397 1020 ut
1435 981 1483 1020 de
1519 980 1690 1030 singulis

183 1054 345 1105 scriptis
373 1056 483 1092 recte
510 1051 751 1091 iudicemus.
1595 1052 1600 1058 '

287 1125 492 1165 Lucianus
532 1125 621 1175 ipse
659 1124 841 1164 declarat
876 1121 979 1174 (Bis.
1016 1135 1102 1164 acc.
1133 1126 1151 1172 §
1181 1124 1251 1176 32)
1282 1137 1406 1176 usque
1443 1125 1494 1164 ad
1539 1136 1688 1164 annum

183 1196 537 1250 quadragesimum
576 1195 806 1235 rhetoricen
834 1208 877 1236 30
912 1196 1144 1248 amplexum
1184 1209 1272 1237 esse
1314 1199 1436 1249 atque
1475 1201 1574 1246 tum,
1613 1197 1689 1237 hac

181 1269 350 1312 relicta.
393 1267 643 1320 philosophis
681 1279 843 1319 operam
887 1267 1047 1308 dedisse
1086 1272 1125 1308 et
1163 1267 1405 1318 dialogicam
1443 1267 1620 1308 formam
1647 1268 1690 1308 in

181 1341 397 1381 scribendo
439 1340 685 1380 adhibuisse.
751 1339 862 1386 Quae
906 1339 1029 1379 verba
1068 1352 1149 1379 non
1185 1342 1244 1380 ita
1281 1340 1551 1389 intellegenda
1586 1352 1689 1387 esse,

183 1414 298 1465 quasi
325 1413 527 1453 Lucianus
556 1414 650 1451 ante
679 1410 784 1451 hunc
813 1424 961 1451 annum
992 1411 1175 1462 dialogos
1212 1412 1373 1451 omnino
1403 1425 1457 1462 se¹
1477 1414 1688 1465 scripsisse

181 1488 312 1535 neget,
341 1496 458 1524 nemo
492 1495 572 1523 non
600 1483 721 1522 videt.
778 1484 882 1523 Nam
911 1486 951 1523 et
976 1496 1049 1535 per
1076 1495 1118 1523 se
1148 1489 1459 1524 consentaneum
1487 1487 1562 1531 est,
1596 1496 1685 1524 eum

180 1558 262 1598 iam
292 1560 422 1605 antea,
451 1569 542 1597 cum
569 1554 706 1596 rhetor
735 1559 852 1602 esset,
882 1555 1085 1595 interdum
1111 1555 1187 1596 hae
1202 1557 1333 1596 forma
1357 1550 1552 1598 orationis
1573 1569 1687 1597 usum

182 1642 285 1673 esse,
311 1633 353 1667 et
381 1628 564 1667 nonnulli
607 1628 773 1676 dialogi,
816 1628 926 1666 velut
966 1628 1255 1677 ,Anacharsis‘,
1301 1629 1495 1675 ‚Toxaris‘
1538 1628 1687 1679 aliique

181 1702 240 1741 ita
266 1701 491 1741 rhetoricen
521 1702 560 1739 et
589 1699 804 1739 asiaticum
831 1700 1024 1739 orationis
1065 1699 1237 1739 colorem
1266 1712 1363 1752 prae
1390 1713 1432 1740 se
1459 1699 1606 1750 ferunt,
1643 1704 1687 1740 ut

181 1774 350 1813 dubium
380 1784 467 1811 esse
495 1784 573 1810 non
602 1771 747 1823 possit,
777 1772 871 1823 quin
902 1783 951 1810 ex
980 1771 1062 1825 illa,
1098 1772 1166 1811 ubi
1196 1784 1285 1811 eam
1323 1775 1451 1813 artem
1492 1774 1685 1818 exercuit,

181 1850 315 1887 aetate
353 1846 562 1898 profectae
599 1844 682 1884 sint
696 1844 748 1895 1);
797 1845 973 1892 aceedit,
1019 1845 1125 1896 quod
1161 1845 1210 1884 ab
1246 1845 1378 1885 ironia
1418 1844 1541 1885 aliem
1579 1849 1685 1885 sunt.

180 1919 317 1971 Itaque
348 1919 545 1958 comicum
573 1917 780 1966 dialogum
807 1917 891 1957 illis
919 1917 1051 1956 verbis
1079 1918 1301 1966 significari
1329 1921 1452 1969 patet.

284 1991 384 2031 Cum
414 1990 486 2029 hac
515 1991 671 2029 ratione
699 1989 800 2030 bene
829 1989 957 2030 altera
998 1989 1070 2029 illa
1109 1991 1307 2030 convenit.
1364 1989 1683 2037 ‚Hermotimum‘

180 2063 386 2111 dialogum
414 2061 617 2101 Lueianus
647 2062 809 2101 circiter
849 2062 1118 2112 quadraginta
1144 2073 1271 2101 annos
1300 2066 1419 2100 natus
1447 2063 1685 2116 composuit.

180 2134 334 2185 (Herm.
372 2135 408 2183 ξ.
450 2133 532 2185 13).
587 2131 647 2174 Ibi
677 2133 784 2173 0111111
820 2123 1069 2184 argumentis
1108 2145 1129 2173 e
1170 2134 1442 2195 scepticofum
1470 2131 1686 2173 dialectica

180 2209 343 2259 sumpta
377 2206 473 2257 quid
510 2216 650 2244 verum
688 2208 817 2255 esset,
858 2217 1031 2258 unquam
1062 2217 1086 2244 a
1112 2205 1363 2257 philosophis
1402 2206 1688 2254 investigatum

178 2291 280 2326 esse,
308 2281 378 2318 aut
406 2277 491 2317 fieri
521 2277 683 2317 omnino
711 2289 843 2329 posse,
882 2280 929 2317 ut
956 2277 1285 2327 investigaretur,
1323 2277 1500 2327 negavit.
1556 2276 1687 2323 Quare

179 2352 271 2391 inde
301 2351 350 2391 ab
379 2349 456 2390 hoc
483 2354 676 2401 tempore,
706 2361 784 2401 quo
813 2350 1125 2402 exploratiorem
1153 2348 1257 2388 hanc
1276 2350 1516 2389 sententiam
1533 2347 1685 2397 habuit,

181 2436 226 2463 eo
256 2423 441 2463 infestius
472 2426 511 2462 et
538 2422 728 2462 acerbius
758 2422 801 2461 in
830 2434 896 2461 eos
926 2433 1077 2471 omnes,
1107 2422 1172 2474 qui
1210 2423 1303 2473 quid
1344 2433 1478 2461 verum
1514 2424 1688 2460 rectum-

184 2508 260 2547 que
288 2499 407 2544 esset‚
436 2495 644 2535 invenisse
674 2496 714 2533 et
743 2495 845 2534 scire
874 2493 951 2533 sibi
979 2493 1057 2534 visi
1085 2497 1189 2541 sunt,
1220 2493 1382 2545 scriptis
1411 2492 1590 2533 invectus
1628 2497 1690 2533 est

267 2651 303 2689 1)
328 2650 363 2681 C.
388 2651 445 2681 Er.
472 2650 633 2681 Hermann
658 2650 679 2680 l.
706 2659 731 2679 c.
758 2659 788 2690 p»
814 2649 888 2681 211.
