1860 2936
747 175 796 180 -
907 151 957 190 22
1068 174 1116 181 .-

171 253 405 294 funduntur.
464 256 569 295 Nam
597 257 639 295 in
669 258 807 296 eodem
838 261 1078 307 argumento
1108 271 1197 297 cum
1228 258 1459 310 ,Cataphus‘
1489 263 1528 298 et
1553 272 1684 299 sermo

170 323 300 365 Xmus
335 327 598 377 ,dialogorum
642 333 903 370 mortuorum‘
944 333 1167 378 versentur,
1210 331 1252 370 in
1280 329 1355 370 hoc
1385 329 1613 383 Menippus,
1642 334 1684 371 in

172 397 242 435 illo
273 398 468 449 Cyniscus
497 401 532 440 is
561 402 777 448 inducitur,
821 403 888 453 qui
916 405 1098 442 mortuos
1126 415 1207 441 una
1236 415 1325 441 cum
1354 403 1443 453 ipso
1474 405 1683 442 traductos

171 468 399 510 ludificetur
434 473 731 526 imaginemque
769 478 938 526 utraque
977 476 1104 515 satira
1147 474 1424 515 adumbratam
1481 474 1684 516 hilaritate

174 543 350 593 quadam
381 549 419 584 et
447 549 661 586 venustate
690 547 918 598 perfundat.

281 638 480 684 Quidnam
510 654 606 680 vero
637 654 784 681 causae
812 641 902 690 fuit,
933 654 1003 681 cur
1040 642 1242 682 Lucianus
1281 654 1410 692 mores
1451 643 1684 694 cynicorum

177 720 295 760 quam
314 711 391 750 sibi
421 713 650 753 simillimos
680 714 916 766 depingeret
944 715 1191 766 eandemque
1213 726 1427 765 personam
1449 716 1567 754 modo
1584 715 1687 754 hunc

176 782 296 820 modo
324 783 437 822 illum
466 787 733 825 sustinentem
764 787 946 826 faceret?
1002 787 1096 826 Sine
1126 787 1246 825 dubio
1268 786 1381 825 -nihil
1410 786 1540 835 aliud,
1568 799 1685 838 quam

178 855 284 904 quod
312 868 511 907 personae
542 859 656 909 quasi
686 862 930 906 constantes,
960 858 1138 908 stabiles,
1168 858 1272 897 fixae
1301 857 1340 897 hi
1363 858 1493 910 cynici
1512 858 1686 907 fuerunt,

180 937 347 976 quorum
377 929 418 967 id
446 931 702 981 potissimum
732 943 820 970 esse
851 931 1110 978 credebatur,
1151 935 1195 970 ut
1224 931 1315 970 odio
1346 931 1506 982 risuque
1538 944 1686 983 aequa-

175 997 276 1038 lium
305 997 592 1052 peiversitates
622 1004 886 1055 increparent.

286 1095 482 1136 Nimirum
511 1097 611 1138 haec
644 1100 692 1138 de
721 1099 898 1151 Menippi
941 1099 1120 1139 moribus
1168 1101 1301 1151 opinio
1338 1100 1553 1139 traditione
1594 1111 1688 1138 con-

181 1166 340 1207 firmata
376 1172 611 1223 sancitaque
649 1172 839 1220 Luciano,
875 1172 1191 1223 quotiescunque
1233 1172 1459 1224 loquentem
1500 1184 1587 1211 eum
1628 1173 1688 1211 in-

182 1240 309 1288 duxit,
338 1245 595 1294 respicienda
623 1246 716 1292 fuit;
747 1246 865 1296 idque
895 1246 1015 1284 etiam
1045 1246 1086 1283 in
1115 1246 1430 1296 ,Necyomantia‘
1461 1249 1501 1284 et
1543 1245 1688 1293 ,Icaro-

180 1315 382 1366 menippo‘
411 1317 561 1356 factum
591 1317 784 1366 videmus,
816 1319 932 1358 cuius
961 1317 1020 1357 rei
1049 1316 1207 1367 singula
1236 1317 1423 1369 exempla
1450 1316 1591 1357 afferre
1621 1329 1688 1357 su-

180 1387 387 1435 persedeo.
443 1390 601 1429 Etenim
636 1395 802 1441 utroque
841 1390 1002 1439 dialogo
1033 1403 1056 1428 a
1086 1390 1274 1441 Menippo
1311 1389 1513 1429 hominum
1554 1390 1687 1429 libidi-

182 1469 251 1496 nes
280 1464 319 1498 et
347 1472 502 1501 errores
531 1463 712 1502 ridentur
750 1467 869 1514 atque
907 1463 1136 1508 eluduntur,
1191 1462 1250 1502 Ea
1279 1466 1413 1502 autem
1442 1464 1483 1502 in
1511 1462 1688 1502 medium

180 1531 426 1581 proferenda
456 1538 562 1584 sunt,
619 1537 722 1575 unde
764 1536 980 1575 admistum
1023 1547 1111 1574 esse
1153 1536 1433 1587 perspiciatur,
1476 1535 1581 1586 quod
1613 1536 1688 1574 nisi

184 1602 232 1642 de
260 1604 438 1647 Luciano
466 1612 571 1648 recte
599 1608 780 1658 intellegi
808 1622 885 1647 non
904 1608 1048 1659 possit.
1105 1607 1167 1647 Ita
1183 1608 1389 1659 utriusque
1411 1608 1560 1657 dialogi
1587 1609 1688 1647 ratio

182 1676 373 1717 instituta
402 1683 474 1728 est,
502 1665 561 1719 utl
581 1682 807 1733 Menippus,
851 1682 998 1732 quippe
1028 1681 1095 1731 qui
1133 1692 1287 1719 summo
1330 1680 1464 1719 studio
1501 1680 1690 1729 flagraret

184 1760 252 1788 eas
270 1762 333 1789 res
363 1753 633 1803 perdiscendi,
662 1754 710 1792 de
737 1753 880 1805 quibus
910 1754 1068 1792 diversa
1097 1755 1215 1804 atque
1246 1753 1449 1791 contraria
1478 1751 1689 1792 crederen-

181 1826 259 1871 tur,
287 1826 461 1874 primum
491 1825 739 1877 philosophis
769 1838 811 1864 se
840 1826 1029 1874 traderet,
1059 1825 1231 1874 deinde,
1276 1826 1397 1864 etiam
1426 1825 1501 1863 hac
1530 1837 1600 1877 spe
1629 1825 1688 1864 la-

182 1906 291 1945 psus,
322 1909 379 1944 eo,
409 1898 477 1937 ubi
508 1899 656 1950 optime
677 1898 725 1938 de
743 1898 804 1938 his
822 1898 944 1939 rebus
974 1898 1134 1937 edoceri
1163 1899 1314 1949 posset,
1340 1898 1379 1936 in
1411 1909 1562 1942 orcum,
1585 1898 1688 1946 dico,

184 1972 223 2008 et
252 1970 407 2009 coelum
434 1973 491 2011 ire
528 1973 803 2012 constitueret.
861 1978 985 2018 Quem
1012 1983 1107 2010 vero
1146 1970 1286 2019 fugere
1323 1970 1474 2022 poterit
1513 1971 1689 2009 studium

182 2041 282 2081 illud
313 2043 551 2083 eruditionis
581 2044 849 2096 acquirendae
885 2043 1208 2095 desideriumque
1248 2042 1566 2092 dubitationum,
1604 2043 1689 2094 qui-

185 2116 259 2155 bus
298 2117 465 2155 obrutus
506 2119 579 2163 sit,
629 2117 910 2156 solvendarum
948 2130 971 2156 a
1008 2116 1196 2167 Menippo
1236 2127 1405 2166 prorsus
1451 2114 1689 2155 abhorrere?

183 2189 424 2239 Cynicorum
456 2191 562 2229 enim
601 2193 755 2237 sectae,
798 2191 861 2229 cui
890 2190 1076 2230 addictus
1107 2193 1214 2238 erat,
1255 2187 1447 2237 dogmata
1481 2187 1689 2241 amplexus

183 2267 255 2308 est,
286 2274 386 2312 quae
416 2262 454 2302 hi
484 2264 719 2305 docuerunt,
752 2275 846 2302 vera
875 2275 963 2301 esse
993 2261 1254 2309 existimavit,
1284 2264 1417 2299 cetera
1444 2262 1527 2299 risu
1556 2265 1595 2300 et
1622 2272 1688 2298 ca-

187 2334 389 2374 villatione
429 2339 665 2386 persecutus
706 2339 776 2374 est.
833 2337 887 2374 At
926 2335 1092 2374 Luciani
1133 2332 1280 2380 indoli,
1324 2332 1454 2385 qualis
1492 2346 1512 2372 e
1550 2332 1688 2371 multis

182 2408 344 2458 scriptis
361 2408 506 2455 elucet,
535 2410 678 2447 mirum
697 2412 906 2459 quantum,
936 2419 1036 2458 quae
1054 2406 1102 2445 de
1130 2406 1351 2456 cupiditate
1369 2406 1452 2445 veri
1468 2404 1691 2455 reperiendi

183 2478 295 2518 dicta
322 2487 427 2527 sunt,
458 2481 712 2532 respondent,
758 2479 929 2531 Saepius
958 2479 1064 2518 enim
1094 2477 1142 2517 de
1170 2479 1338 2523 ratione,
1368 2488 1447 2528 qua
1475 2475 1621 2515 litteris
1648 2488 1690 2516 se

181 2552 341 2592 erudire
370 2553 581 2599 studuerit,
611 2553 798 2597 disserit;
827 2553 932 2592 unde
970 2550 1231 2602 intelligimus
1261 2563 1284 2590 a
1311 2549 1445 2602 prima
1482 2548 1690 2590 iuventute

178 2637 270 2666 eum
299 2638 461 2677 operam
492 2627 665 2674 dedisse,
694 2632 750 2675 ut,
781 2639 857 2677 quo
874 2627 950 2665 fuit
977 2626 1108 2665 animo
1132 2626 1183 2665 ad
1200 2625 1393 2664 virtutem
1423 2623 1693 2671 inflammato,
