1860 2936
792 151 998 191 ὼ-31
1111 171 1163 179 -

227 264 310 299 tam
339 257 641 312 perstringeret.
701 250 802 303 Vix,
839 258 1051 307 postquam
1089 255 1224 293 omnia
1264 254 1362 294 satis
1399 255 1583 306 aspexit,
1620 253 1727 290 viam

226 332 451 371 institutam
489 328 677 381 persequi
723 329 934 380 coeperat,
977 339 1065 367 cum
1105 327 1203 366 luna
1240 327 1427 367 muliebri
1461 339 1561 367 voce
1592 325 1642 365 ab
1681 336 1728 363 eo

227 403 359 455 petiit,
387 405 431 441 ut
457 412 608 440 more—m
639 400 717 439 sibi
745 403 900 449 gereret
928 402 968 439 et
987 398 1084 447 Iovi,
1114 411 1215 451 quae
1237 398 1483 451 philosophis
1502 398 1727 450 exprobra-

233 477 311 526 ret,
339 473 607 521 renuntiaret;
635 472 713 512 nisi
742 472 846 511 enim
875 470 943 510 ille
971 483 1053 511 eos-
1068 473 1248 524 puniret,
1284 472 1433 512 diutius
1471 484 1513 512 se
1554 472 1595 511 in
1633 469 1728 510 sede

228 559 301 587 sua
328 558 534 587 remanere
562 557 640 584 non
668 556 801 596 posse.
829 544 940 591 Quae
968 544 1167 585 facturum
1198 557 1240 584 se
1256 557 1344 585 esse
1372 545 1578 597 pollicitus
1608 544 1725 583 tertio

229 620 293 660 die
321 623 533 672 postquam
564 631 588 658 a
614 617 711 657 luna
737 618 944 670 profectus
974 621 1046 666 est,
1076 618 1128 657 ad
1156 618 1308 657 coelum
1325 619 1506 670 pervenit
1532 618 1728 667 benigne-

227 703 303 744 que
343 704 366 731 a
393 691 485 731 Iove
521 694 728 742 exceptus.
756 693 829 732 est.
885 690 970 729 Iam
1006 690 1206 730 Lucianus
1244 691 1574 731 iucundissimam
1610 689 1727 729 nobis

228 766 278 805 de
307 760 391 804 vita
419 765 583 804 deorum
611 763 828 813 imaginem
855 762 1020 813 negotia
1055 767 1096 804 et
1132 764 1256 804 otium
1290 764 1502 817 amplexus
1530 763 1728 815 depingit,

228 849 329 889 quae
358 841 469 877 tanto
497 836 634 889 lepore
661 839 855 887 tantaque
882 836 1103 876 festivitate
1131 837 1299 888 perfusa
1334 841 1414 885 est,
1453 840 1497 877 ut
1536 837 1727 883 omnium,

228 910 297 963 qui
325 911 483 961 legunt,
512 910 665 950 animos
694 920 859 949 necesse
888 910 942 949 sit
970 910 1106 962 capiat
1141 922 1188 950 ac
1217 911 1404 951 detineat.
1460 910 1624 951 Postero
1664 909 1728 949 die

227 984 392 1022 deorum
422 983 593 1022 concilio
625 984 674 1022 de
702 981 881 1034 Menippi
911 983 1086 1022 adventu
1116 987 1333 1022 convocato
1361 983 1541 1035 Iuppiter
1569 982 1729 1022 iamdu-

228 1057 321 1095 dum
349 1068 391 1095 se
420 1053 669 1108 philosophis
697 1055 820 1094 irasci
848 1067 975 1107 neque
1003 1054 1176 1107 amplius
1205 1068 1340 1095 eorum
1369 1056 1597 1108 superbiam
1619 1087 1628 1103 ,
1657 1066 1728 1093 va-

228 1129 423 1173 nitatem,
451 1128 712 1168 iactationem
740 1115 1134 1179 perferendam⁰esse
1174 1130 1353 1168 oratione
1388 1128 1597 1180 exposuit;
1638 1140 1728 1167 cum

229 1213 321 1241 vero
349 1202 436 1253 ipso
464 1200 532 1240 illo
561 1203 743 1252 tempore
771 1199 897 1240 feriae
927 1203 1060 1240 essent
1079 1229 1089 1245 ‚
1119 1213 1210 1240 vere
1240 1201 1427 1250 ineunte,
1459 1212 1558 1252 quas
1586 1211 1651 1239 res
1681 1211 1729 1239 ac

228 1275 333 1314 ratio
364 1274 591 1324 flagitaret,
620 1274 761 1326 poenis
790 1285 857 1313 eos
887 1272 1120 1313 affecturum
1148 1286 1190 1313 se
1219 1286 1319 1313 esse.
1374 1274 1474 1313 Tum
1501 1273 1728 1326 Menippus,

226 1348 293 1399 qui
324 1346 420 1387 haec
450 1347 584 1387 omnia
609 1346 803 1387 familiari
831 1348 988 1387 cuidam
1016 1350 1265 1395 narraverat,
1292 1346 1398 1386 Iovis
1426 1347 1540 1386 iussu
1568 1359 1592 1386 a
1621 1345 1728 1386 Mer-

228 1420 339 1459 curio
369 1421 408 1459 in
437 1405 587 1459 terram
616 1421 825 1459 reductum
854 1431 896 1459 se
926 1431 1013 1459 esse
1051 1420 1226 1459 breviter
1254 1419 1424 1459 addidit.

333 1512 575 1552 Franziscus
594 1512 841 1552 Fritzschius
860 1514 891 1560 ¹)
917 1514 1146 1564 suspicatur
1173 1512 1393 1552 Lucianum
1425 1524 1476 1551 ex
1491 1511 1731 1563 Aristopha-

226 1586 287 1624 nis
315 1596 417 1637 pacc
446 1585 679 1637 primarium
708 1584 826 1624 huius
856 1585 1005 1634 dialogi
1022 1586 1226 1624 inventum
1246 1588 1471 1625 mutuatum
1486 1595 1585 1623 esse.
1616 1584 1731 1631 Quod

226 1667 364 1699 verum
393 1671 483 1700 esse
525 1660 722 1703 concedo.
763 1671 1003 1711 quamquam
1044 1659 1182 1699 dubito
1227 1671 1278 1698 an
1316 1662 1426 1699 recte
1462 1658 1571 1698 idem
1612 1657 1732 1697 verba

228 1732 397 1772 Luciani
438 1733 557 1781 (Icar.
599 1735 623 1782 ἓ
654 1734 719 1781 10)
749 1729 904 1773 τούτου
935 1732 977 1771 δὲ
1003 1748 1073 1787 μοι
1104 1733 1282 1785 παρεῖχε
1311 1729 1388 1784 τὴν
1420 1729 1565 1770 ἐλπίδα
1607 1728 1733 1784 μάλι-

231 1818 308 1844 στα
325 1805 399 1860 μὲν
430 1805 455 1857 ἡ
488 1805 689 1859 ἐπιθυμία
721 1803 788 1844 καὶ
820 1806 839 1845 ὁ
869 1803 1090 1857 λογοποιὸς
1103 1803 1286 1852 Αἴσωπος
1315 1804 1449 1851 ἂετοῖς
1477 1801 1545 1842 καὶ
1574 1800 1732 1842 κανθά-

230 1892 320 1931 ροις,
366 1876 494 1917 ἐνίοτε
524 1876 591 1916 καὶ
622 1877 826 1930 καμήλοις
851 1877 1035 1931 βάσιμον
1064 1878 1308 1928 ἀποφαίνων
1336 1875 1408 1916 τὸν
1451 1871 1636 1930 οὐρανόν6
1680 1875 1732 1914 ad

228 1962 368 1989 versus
395 1951 507 2001 pacis
536 1950 820 2001 Aristophanis
852 1950 939 1997 129,
969 1950 1056 1991 130.

415 2052 466 2103 ,ἐν
495 2054 626 2092 τοῖσιν
653 2051 843 2092 Αἰσώπου
872 2052 1009 2105 λόγοις
1035 2052 1229 2106 ἐξευρέθη

414 2126 525 2178 μῖνος
553 2123 791 2179 (κάνθαρος)
821 2127 1016 2165 πετεινῶν
1047 2127 1099 2173 εἰς
1124 2122 1245 2172 θεοὺς
1272 2123 1509 2177 ἀφιγμένος(

227 2252 268 2290 et
297 2261 399 2301 quae
416 2248 618 2290 Lucianus
649 2250 749 2290 dicit
775 2251 816 2289 in
834 2250 855 2302 ξ
873 2251 924 2289 22
953 2245 1137 2303 ,ἄριστον
1167 2239 1238 2287 υὸν
1269 2248 1404 2302 κρίνας
1429 2245 1478 2287 τὸ
1507 2246 1565 2304 μὴ
1595 2264 1730 2303 παρα-

228 2317 470 2362 κινδυνεύειν
499 2319 677 2365 ἔκοπτον
717 2320 961 2378 προσελθὼν
990 2320 1065 2376 τὴν
1095 2318 1227 2376 θύραν
1256 2322 1307 2362 ad
1335 2333 1495 2362 versum
1524 2322 1598 2362 179
1625 2322 1731 2363 eius-

228 2394 318 2435 dem
343 2393 504 2435 fabulae

498 2499 570 2547 ,τίς
598 2497 634 2538 ὲν
665 2498 760 2548 Διός
786 2496 1001 2555 θύραισιν;
1032 2494 1106 2538 οὐκ
1136 2496 1344 2548 &wigera

321 2665 355 2705 1)
379 2664 426 2695 ed.
450 2666 532 2696 Luc.
558 2665 597 2696 ad
621 2665 703 2697 Icar.
727 2665 747 2706 δ
772 2665 810 2698 10
834 2667 865 2696 et
887 2665 939 2697 22.
