1860 2936
782 207 830 223 .-..
940 188 991 232 39
1098 215 1147 222 .-

212 303 378 345 Luciani
402 308 496 341 ‘esse
523 294 566 340 et
586 309 648 344 ee,
676 297 784 350 quod
818 302 944 350 supra
970 297 1199 346 statuimus,
1227 300 1406 350 tempore
1436 296 1714 344 confectamP).
1745 335 1747 337 .

253 399 256 402 -
320 372 419 414 Tum·
441 370 697 412 -Wielandius
714 368 750 416 ²)
779 369 827 417 ei,
855 368 923 422 qui
951 368 1309 421 ,Necyomantiam‘
1336 370 1579 422 scripsisset,
1618 367 1716 415 ‚Ica-

216 446 512 497 romenippum‘
536 441 794 482 ante‘oculos
822 441 1078 487 observatum
1098 448 1196 482 esse
1227 446 1392 498 eumque
1434 435 1715 493 argumentum

216 519 276 558 ita
305 516 521 557 deflexisse
548 515 727 567 putavit,
748 517 794 553 ut
819 525 892 566 pro
920 514 1177 566 philosophia
1203 514 1376 555 naturali
1403 508 1574 554 ethicam
1594 524 1717 566 pone-

215 593 280 631 ret
307 587 621 641 Menippumque
650 598 730 626 non
747 586 799 625 ad
826 597 1005 638 superos,
1033 587 1103 627 sed
1123 587 1173 627 ad
1193 586 1342 627 inferos
1370 591 1530 627 euntem
1548 585 1716 631 faeeret3

217 666 263 701 ut
290 665 423 701 autem
452 654 680 713 quicunque
706 659 749 698 in
778 657 931 698 coelum
960 659 1172 707 evolasset,
1211 659 1486 711 optime‘eum‚
1524 671 1626 712 quae
1654 670 1716 697 re—

216 747 305 775 rum
324 733 572 794 *caelestium
600 736 747 773 natura
762 735 882 781 esset,
909 732 966 773 ibi
993 732 1158 788 discere,
1186 732 1246 773 ita
1268 732 1499 785 Menippum
1524 731 1580 779 id,
1610 730 1718 784 quod

217 808 321 847 'scire
349 806 484 850 vellet,
513 817 709 858 nusquam
737 807 868 845 minus
897 817 1016 857 quam
1032 807 1073 845 in
1088 817 1180 845 orco
1197 806 1328 845 doceri
1356 817 1493 857 posse;
1522 805 1716 844 Tiresiam
1745 816 1751 822 ·

219 880 340 924 enim,
367 883 506 932 utpote
534 879 601 931 qui
629 889 716 918 eum
736 881 851 919 vates
880 882 999 927 esset,
1025 890 1089 919 res
1117 879 1272 919 futuras
1298 880 1453 918 tantum
1481 878 1717 929 praedicere

217 955 369 1004 posset,
401 952 590 991 idoneum
619 963 700 990 non
724 962 827 997 esse,
860 951 928 1002 qui
944 950 1218 1003 quaestionem
1237 963 1287 990 ex
1304 949 1558 1002 philosophia
1587 951 1719 989 ethica

219 1028 419 1077 sumptam
451 1023 700 1064 dissolveret.

320 1097 376 1136 At
405 1108 494 1135 cum
523 1109 544 1136 e
573 1100 796 1148 temporum
825 1097 975 1136 ratione
1003 1097 1125 1148 supra
1150 1108 1174 1135 a
1201 1097 1316 1137 nobis
1358 1097 1571 1138 observata
1630 1100 1713 1135 tum

216 1170 322 1218 inde,
352 1168 459 1221 quod
488 1163 823 1221 ‚learomenippo‘
849 1168 1089 1221 philosophi,
1118 1168 1434 1221 ‚Necyomantia·
1462 1173 1623 1222 praeter
1650 1181 1717 1209 eos

220 1242 371 1281 divites
400 1253 448 1280 ae
475 1244 661 1291 potentes
689 1241 1276 1292 perstringuntur‚·luculenter
1303 1245 1429 1292 patet,
1459 1253 1559 1287 eam,
1597 1253 1718 1293 quam

218 1312 467 1356 Wielandius
497 1325 584 1352 esse
621 1312 758 1360 voluit,
795 1314 898 1354 inter
936 1313 1007 1353 has
1047 1314 1194 1366 satiras
1234 1314 1431 1353 rationem
1470 1313 1719 1354 intercedere

217 1399 297 1426 non
324 1397 454 1438 posse.
510 1385 570 1425 Ne
599 1386 647 1425 de
675 1386 827 1425 Tiresia
854 1386 1025 1437 quidem,
1055 1398 1155 1437 quae
1182 1386 1349 1433 monuit,
1378 1390 1486 1426 recte
1512 1387 1718 1426 iudicavit.

219 1453 508 1511 Praeterquam
535 1458 638 1498 enim
669 1459 771 1509 quod
801 1458 1001 1498 Lucianus
1030 1469 1103 1498 suo
1132 1459 1216 1497 iure
1254 1458 1325 1498 has
1364 1462 1501 1510 partes
1538 1458 1591 1498 ad
1630 1471 1718 1499 eum

163 1527 168 1538 ²
219 1532 375 1572 deferre
404 1532 547 1583 potuit,
575 1532 656 1570 iam
682 1535 900 1571 anteeum
929 1531 1121 1571 Horatius
1134 1531 1169 1581 ⁸)
1207 1535 1339 1571 vatem
1368 1530 1483 1571 illum
1510 1531 1621 1571 Ulixi
1655 1543 1720 1570 re-

219 1605 479 1656 spondentem
509 1604 704 1651 finxerat,
744 1603 888 1655 quibus
927 1603 1082 1643 artibus
1120 1607 1241 1655 atque
1279 1603 1410 1642 modis
1446 1616 1513 1643 res
1551 1605 1722 1643 amissas

219 1688 411 1727 reparare
447 1678 597 1727 posset.
651 1674 711 1713 Ea
737 1674 862 1723 igitur
889 1687 934 1714 re
960 1674 1156 1714 Horatius
1184 1677 1225 1714 et
1252 1674 1458 1714 Lucianus
1494 1676 1722 1723 concinunt,

222 1748 326 1800 quod
355 1747 530 1787 Tiresias
558 1758 638 1785 non
669 1745 718 1785 de
745 1745 863 1786 rebus
891 1746 1038 1786 futuris
1067 1746 1309 1794 consulitur;
1339 1746 1388 1786 de
1416 1748 1560 1787 ceteris
1589 1752 1722 1788 autem

222 1831 311 1859 eum
340 1820 581 1870 discrepent,
609 1830 654 1858 eo
682 1830 762 1857 non
782 1818 974 1866 adducor,
1000 1821 1046 1858 ut
1058 1817 1206 1858 Theod.
1231 1818 1457 1858 Fritzsehio
1475 1822 1608 1859 vatem
1628 1831 1723 1858 ean-

221 1892 309 1931 dem
328 1891 436 1942 apud
456 1890 671 1930 Horatium
702 1892 821 1941 atque
843 1890 950 1942 apud
967 1884 1187 1930 Lucianum
1208 1903 1422 1942 personam
1445 1903 1564 1942 agere
1584 1903 1722 1931 assen-

218 1964 310 2003 tiar.
359 1962 482 2003 Aliud
514 1963 618 2001 enim
649 1959 859 2002 eonsiliu'm
888 1965 1057 2016 uterque
1084 1964 1351 2015 persequitur,
1380 1968 1502 2016 poeta
1516 1963 1721 2004 Romanus

222 2042 304 2084 eos,
335 2035 403 2088 qui
431 2038 676 2075 testamenta
702 2036 846 2087 quovis
873 2036 994 2076 modo
1023 2039 1187 2088 captare
1214 2036 1443 2083 studebant,
1477 2036 1605 2076 multa
1632 2048 1721 2076 cum

219 2108 406 2149 libertate
436 2111 562 2157 notat,
581 2140 585 2143 .
604 2107 795 2147 satiricus
825 2107 1001 2148 Graecus
1028 2107 1289 2161 philosophos
1317 2111 1358 2149 et
1384 2108 1530 2149 divites
1565 2110 1721 2162 pungit.

307 2211 344 2253 1)
369 2212 490 2244 Facere
512 2221 574 2243 non
597 2221 736 2253 possum,
760 2212 833 2252 quin
857 2212 1053 2251 ingeniosam
1074 2212 1131 2243 Fr.
1149 2212 1323 2244 Fritzschii
1346 2213 1561 2245 coniecturam
1584 2222 1721 2246 comme-

220 2283 353 2311 morem,
377 2274 429 2313 qui
453 2273 531 2304 Nec.
556 2273 578 2315 §
601 2273 620 2304 7
643 2272 792 2318 ἐπανῆγε
814 2291 854 2296 -
876 2272 1139 2318 προσβλέποντα
1162 2274 1301 2315 scripsit.
1345 2273 1482 2306 Miratus
1512 2277 1617 2308 autem
1639 2284 1720 2317 sum,

221 2335 369 2378 quamdiu
391 2336 454 2367 viri
478 2334 562 2367 docti
586 2334 664 2367 illud
687 2335 725 2368 ab
736 2335 977 2367 Hemsterhusio
999 2321 1199 2377 propositum
1222 2333 1422 2376 ἀποπτύσας
1446 2335 1579 2377 (αὐτὸς)
1593 2335 1721 2380 ἐπανή-

225 2411 269 2430 ειν
292 2397 432 2429 tolerare
454 2397 629 2438 potuerint,
653 2406 839 2439 quamquam
862 2398 905 2429 ita
929 2396 1052 2429 Graece
1074 2396 1136 2428 dici
1159 2406 1221 2429 non
1242 2405 1336 2438 posse
1359 2398 1560 2430 manifestum
1583 2401 1642 2432 est.

306 2459 344 2502 2)
367 2460 388 2492 l.
414 2469 442 2492 c.
467 2458 498 2490 11
520 2468 552 2501 p.
575 2459 647 2493 358.
670 2461 744 2494 359.

307 2523 343 2564 3)
369 2523 401 2554 11
424 2522 526 2555 Serm.
552 2521 586 2552 V.
610 2522 641 2562 2,
663 2522 693 2555 3.

516 2585 595 2616 Ηοο“
617 2592 751 2625 quoque,
784 2584 918 2627 Tiresia,
949 2586 1078 2627 praeter
1108 2586 1237 2616 narrata
1268 2586 1412 2628 pententi

515 2636 690 2679 responde,
728 2637 842 2678 quibus
875 2638 1010 2670 amissus
1031 2646 1183 2679 reparare
1207 2647 1318 2679 queam
1340 2647 1393 2670 res

517 2690 640 2722 artibus
663 2691 756 2731 atque
780 2690 894 2722 modis.
