1860 2936
783 185 833 191 ..
943 162 991 201 12
1100 186 1150 192 ,-

211 266 351 306 titulos
379 265 776 319 perlustraverimus‚
809 278 897 305 eum
915 267 1178 314 inveniemus,
1208 267 1270 306 eui
1285 266 1420 319 aliqua
1435 268 1720 319 probabilitate

210 338 292 378 tale
331 341 612 389 argumentum
651 338 851 378 vindicari
886 340 1028 391 possit.
1085 339 1167 378 Vix
1208 340 1309 379 enim
1341 340 1389 379 de
1429 340 1509 379 alio
1549 342 1718 390 eogitari
1744 388 1753 393 ,

166 405 169 409 ’
212 414 362 463 potest,
392 424 510 464 quam
540 423 655 464 quem
686 411 930 459 singularem
957 411 1104 451 librum
1130 425 1216 452 esse
1245 412 1307 452 Fr.
1337 411 1588 453 Fritzschius
1625 425 1717 465 per·

179 501 187 505 -
212 485 357 534 spexit,
386 484 490 531 dieo,
520 485 588 534 qui
618 484 850 522 inscribitur
877 483 989 537 ,πρός
1007 481 1102 531 τοὺς
1130 481 1355 533 φυσικούςῆ
1383 485 1552 535 Saepius
1584 490 1717 525 autem

210 567 297 594 eum
329 556 377 594 de
406 555 546 595 eodem
576 561 812 605 argumento
842 555 974 605 egisse
1003 568 1093 596 eum
1122 556 1364 596 eredendum
1383 569 1465 596 non
1487 558 1553 602 sit,
1582 558 1715 609 sequi-

211 632 291 676 tur,
320 632 364 667 ut
391 628 455 667 hie
482 628 585 667 liber
612 629 701 667 fons
730 629 882 668 satirae
919 628 1130 676 Varronis,
1169 629 1354 681 idemque
1392 628 1561 669 Luciani
1601 629 1716 674 ,Her-

209 702 375 740 motimi‘
403 702 468 740 sit.
523 700 634 740 Haec
661 701 746 740 fere
774 712 932 740 summa
959 704 1022 741 est
1054 700 1214 741 subtilis
1251 701 1464 741 Fritzsehii
1501 713 1716 752 argumen-

209 774 390 815 tationis,
412 796 459 801 —

314 856 448 896 Minus
490 857 610 896 certis
653 856 902 907 argumentis
944 857 1091 910 exponi
1128 859 1284 910 potest,
1333 857 1553 898 Lueianum
1595 858 1715 897 etiam

211 928 309 967 alibi
336 927 572 980 Menippum
610 927 853 969 aemulatum
882 940 983 968 esse.
1036 912 1100 969 Ek
1129 928 1390 969 similitudine
1428 930 1533 968 enim
1571 929 1716 968 inseri-

209 1000 408 1052 ptionum,
447 1012 549 1053 quae
589 1001 697 1041 inter
734 1000 969 1053 Menippeos
999 1002 1039 1040 et
1077 999 1298 1041 Lucianeos
1336 1001 1461 1041 libros
1504 1000 1714 1041 nonnullos

209 1072 492 1116 intercederet,
519 1073 693 1121 fuerunt,
721 1072 791 1125 qui
819 1084 1014 1125 apparere
1044 1075 1246 1124 putarent,
1285 1072 1505 1112 Lueianum
1534 1073 1620 1112 eius
1649 1085 1714 1112 sa-

210 1146 310 1185 tiras
339 1145 578 1197 respexisse.
634 1145 742 1192 Quae
772 1144 976 1185 conclusio
1005 1158 1092 1185 eum
1121 1158 1193 1197 per
1221 1158 1264 1185 se
1293 1145 1393 1185 nihil
1421 1145 1521 1185 certi
1559 1145 1714 1191 habeat,

208 1217 302 1257 inde
330 1220 466 1258 tamen
494 1217 744 1269 probabilior
770 1202 840 1267 fit„
869 1217 978 1270 quod
1015 1223 1056 1257 et
1097 1217 1360 1263 ‚Hermotimi‘
1398 1217 1581 1269 exemplo
1619 1229 1714 1257 eon-

167 1284 171 1287 *
210 1292 294 1330 stat
321 1290 542 1331 Lucianum
571 1290 655 1330 eius
694 1289 820 1331 libros
860 1291 1023 1331 novisse
1060 1290 1196 1342 eisque
1232 1302 1347 1330 usum
1388 1303 1487 1339 esse,
1526 1293 1565 1330 et
1606 1275 1715 1342 quod

210 1374 349 1402 omnes
379 1362 417 1403 ei
443 1362 550 1413 libri,
587 1375 669 1402 non
696 1362 822 1403 multo
849 1367 944 1415 post
970 1363 1292 1410 ,Hermotimum‘
1322 1364 1547 1403 confectum
1572 1356 1714 1415 se'ripti

209 1438 316 1482 sunt,
345 1439 390 1476 ut
416 1435 525 1476 infra
551 1434 736 1488 pluribus
765 1435 1089 1481 demonstrabo„
1119 1434 1170 1475 Hi
1191 1439 1283 1475 sunt
1312 1434 1579 1489 ,convrrimovg
1608 1436 1715 1487 quod

210 1511 376 1559 uterque
406 1509 583 1559 scripsit,
623 1505 855 1555 ,ἐπιστολαὶ
899 1507 1238 1559 κεκομψὲυμὲναι
1270 1507 1355 1546 ἀπό
1383 1507 1458 1547 τοῦ
1490 1509 1573 1547 τῶν
1603 1509 1713 1563 Sunii)

211 1577 459 1634 προσώπω,
502 1592 602 1632 quas
630 1581 672 1620 in
710 1579 908 1632 ,epistolis
937 1579 1231 1620 Saturnalibus‘
1286 1575 1499 1632 Menippus
1556 1580 1714 1620 videtur

208 1654 453 1705 respexisse,
471 1648 649 1703 ,νεκύϊαζ
670 1664 771 1704 quae
787 1641 1125 1703 ‚Necyomantiae‘
1142 1653 1316 1693 fortasse
1330 1653 1461 1703 imago
1479 1652 1715 1706 ἂρχὲτυπος

208 1725 298 1766 suit.

315 1809 560 1859 Fragmenta
588 1820 639 1849 ex
666 1808 729 1849 his
758 1809 937 1861 scriptiS,
966 1810 1000 1848 si
1029 1808 1141 1858 illud,
1159 1804 1278 1860 ‘quod
1318 1809 1399 1849 iam
1441 1821 1490 1848 ex
1529 1808 1712 1848 convivio

210 1881 352 1930 attuli,
381 1882 614 1933 exceperis,
642 1882 754 1921 nulla
781 1885 956 1923 exstant.
1013 1881 1227 1922 Oehlerum
1266 1884 1401 1921 autem
1429 1881 1554 1920 miror
1592 1880 1715 1920 verba

210 1966 235 1993 a
262 1953 388 1993 Suida
423 1965 455 1993 s.
494 1965 530 1991 v.
569 1951 692 2003 φαιός
727 1953 918 2005 Menippo
954 1953 1051 1994 data
1087 1957 1237 1993 temere
1276 1954 1327 1992 ad
1365 1954 1481 1992 huius
1522 1952 1714 2003 Neeyiam

208 2026 423 2067 referenda.
450 2038 540 2066 esse
569 2027 775 2066 censuisse
790 2026 834 2078 1).
864 2025 1034 2065 Prorsus
1065 2027 1170 2065 enim
1199 2026 1338 2065 eadem
1362 2025 1561 2075 Diogenes
1590 2023 1713 2064 Laer-

209 2098 289 2137 tius
331 2098 418 2147 (VI,
450 2099 544 2145 102)
587 2099 635 2138 de
663 2098 901 2138 Menedemo
932 2098 1074 2149 cynico
1113 2097 1250 2137 refert.
1306 2097 1438 2144 Quare
1475 2097 1556 2135 iam
1592 2093 1715 2146 Aegi-

209 2171 299 2210 dius
342 2169 551 2219 Menagius
566 2169 601 2222 ²)
644 2169 810 2209 Suidam
850 2171 1068 2210 memoriae
1107 2170 1227 2221 lapsu
1266 2170 1336 2214 ad,
1392 2168 1623 2221 Menippum
1650 2159 1715 2208 *ea

208 2242 468 2283 transtulisse
512 2243 771 2283 existimavit.
827 2242 931 2283 Nam
968 2255 1020 2283 ne
1058 2241 1171 2294 apud
1212 2241 1374 2282 Suidam
1410 2253 1483 2293 pro
1523 2241 1712 2292 Menippo

207 2315 491 2356 Menedemum
519 2315 716 2365 legamus,
755 2313 901 2360 obstat,
930 2314 1037 2367 quod
1063 2314 1132 2355 ille
1160 2326 1194 2354 s.
1226 2327 1259 2353 v.
1291 2313 1500 2361 Μένιππος
1537 2313 1587 2353 ad
1617 2312 1713 2353 haee

206 2389 332 2429 verba
362 2388 573 2438 relegam).

293 2545 329 2583 1)
353 2543 375 2575 1.
400 2554 427 2575 c.
451 2554 485 2584 p.
507 2543 561 2576 29.
585 2543 656 2575 adn.

289 2605 328 2645 2)
354 2605 447 2645 Diog.
473 2604 583 2636 Laert.
608 2604 718 2637 «ιὰ-δᾶ
740 2605 770 2635 h.
797 2604 818 2634 l.

287 2666 324 2705 3)
348 2664 529 2704 Mivmaeeg
555 2664 569 2697 ὅ
595 2664 739 2704 κυνικὸς·
765 2662 855 2698 ἔστιν
881 2664 913 2697 ἐν
941 2665 986 2708 τῷ
1012 2667 1133 2706 φαιὸς”
