<?xml version="1.0" encoding="UTF-8"?>
<!DOCTYPE html PUBLIC "-//W3C//DTD XHTML 1.0 Transitional//EN"
    "http://www.w3.org/TR/xhtml1/DTD/xhtml1-transitional.dtd">
<html xmlns="http://www.w3.org/1999/xhtml" xml:lang="en" lang="en">
 <head>
  <title>
</title>
<meta http-equiv="Content-Type" content="text/html;charset=utf-8" />
  <meta name='ocr-system' content='tesseract 3.04.00' />
  <meta name='ocr-capabilities' content='ocr_page ocr_carea ocr_par ocr_line ocrx_word'/>
</head>
<body>
  <div class='ocr_page' id='page_1' title='image "4737226_0018.png"; bbox 0 0 1860 2936; ppageno 0'>
   <div class='ocr_carea' id='block_1_1' title="bbox 764 181 1129 219">
    <p class='ocr_par' dir='ltr' id='par_1_1' title="bbox 764 181 1129 219">
     <span class='ocr_line' id='line_1_1' title="bbox 764 181 1129 219; baseline 0.005 -3"><span class='ocrx_word' id='word_1_1' title='bbox 764 204 809 216; x_wconf 79' lang='grc'>-.</span> <span class='ocrx_word' id='word_1_2' title='bbox 922 181 969 219; x_wconf 86' lang='grc'>10</span> <span class='ocrx_word' id='word_1_3' title='bbox 1082 202 1129 209; x_wconf 59' lang='lat'>«-</span> 
     </span>
    </p>
   </div>
   <div class='ocr_carea' id='block_1_2' title="bbox 187 285 1696 1854">
    <p class='ocr_par' dir='ltr' id='par_1_2' title="bbox 189 285 1696 553">
     <span class='ocr_line' id='line_1_2' title="bbox 191 285 1696 338; baseline 0.002 -13"><span class='ocrx_word' id='word_1_4' title='bbox 191 288 430 338; x_wconf 87' lang='lat' dir='ltr'>usurpatum</span> <span class='ocrx_word' id='word_1_5' title='bbox 460 285 632 325; x_wconf 86' lang='lat' dir='ltr'>videtur.</span> <span class='ocrx_word' id='word_1_6' title='bbox 687 285 799 326; x_wconf 84' lang='lat' dir='ltr'>Idem</span> <span class='ocrx_word' id='word_1_7' title='bbox 829 298 923 326; x_wconf 85' lang='lat' dir='ltr'>vero</span> <span class='ocrx_word' id='word_1_8' title='bbox 952 286 1166 338; x_wconf 82' lang='lat' dir='ltr'>Menippus</span> <span class='ocrx_word' id='word_1_9' title='bbox 1193 286 1379 327; x_wconf 89' lang='lat' dir='ltr'>inventor</span> <span class='ocrx_word' id='word_1_10' title='bbox 1406 286 1557 327; x_wconf 86' lang='lat' dir='ltr'>satirae</span> <span class='ocrx_word' id='word_1_11' title='bbox 1572 287 1696 328; x_wconf 86' lang='lat' dir='ltr'>Grae-</span> 
     </span>
     <span class='ocr_line' id='line_1_3' title="bbox 191 357 1693 411; baseline 0.001 -14"><span class='ocrx_word' id='word_1_12' title='bbox 191 370 263 397; x_wconf 84' lang='lat' dir='ltr'>cae</span> <span class='ocrx_word' id='word_1_13' title='bbox 294 358 381 397; x_wconf 87' lang='lat' dir='ltr'>fuit.</span> <span class='ocrx_word' id='word_1_14' title='bbox 424 357 583 397; x_wconf 82' lang='lat' dir='ltr'><strong>Etenim</strong></span> <span class='ocrx_word' id='word_1_15' title='bbox 613 369 741 410; x_wconf 90' lang='lat' dir='ltr'>neque</span> <span class='ocrx_word' id='word_1_16' title='bbox 769 357 938 397; x_wconf 85' lang='lat' dir='ltr'>Bionem</span> <span class='ocrx_word' id='word_1_17' title='bbox 966 357 1304 410; x_wconf 81' lang='lat' dir='ltr'>Borysthenitem,</span> <span class='ocrx_word' id='word_1_18' title='bbox 1331 371 1459 411; x_wconf 92' lang='lat' dir='ltr'>neque</span> <span class='ocrx_word' id='word_1_19' title='bbox 1487 359 1693 399; x_wconf 83' lang='lat' dir='ltr'><strong>Timonem</strong></span> 
     </span>
     <span class='ocr_line' id='line_1_4' title="bbox 189 429 1695 482; baseline 0.001 -13"><span class='ocrx_word' id='word_1_20' title='bbox 189 429 425 480; x_wconf 85' lang='lat' dir='ltr'>Phliasium,</span> <span class='ocrx_word' id='word_1_21' title='bbox 451 430 634 482; x_wconf 87' lang='lat' dir='ltr'>quamvis</span> <span class='ocrx_word' id='word_1_22' title='bbox 663 429 795 482; x_wconf 90' lang='lat' dir='ltr'>lepide</span> <span class='ocrx_word' id='word_1_23' title='bbox 823 442 872 469; x_wconf 90' lang='lat' dir='ltr'>ac</span> <span class='ocrx_word' id='word_1_24' title='bbox 899 429 1052 470; x_wconf 86' lang='lat' dir='ltr'>lascive</span> <span class='ocrx_word' id='word_1_25' title='bbox 1069 430 1118 469; x_wconf 90' lang='lat' dir='ltr'>de</span> <span class='ocrx_word' id='word_1_26' title='bbox 1146 430 1265 471; x_wconf 86' lang='lat' dir='ltr'>rebus</span> <span class='ocrx_word' id='word_1_27' title='bbox 1293 430 1484 480; x_wconf 86' lang='lat' dir='ltr'>gravibus</span> <span class='ocrx_word' id='word_1_28' title='bbox 1506 431 1695 481; x_wconf 82' lang='lat' dir='ltr'><strong>egissent,</strong></span> 
     </span>
     <span class='ocr_line' id='line_1_5' title="bbox 190 500 1442 553; baseline 0.002 -13"><span class='ocrx_word' id='word_1_29' title='bbox 190 502 321 541; x_wconf 89' lang='lat' dir='ltr'>iustas</span> <span class='ocrx_word' id='word_1_30' title='bbox 349 502 495 541; x_wconf 89' lang='lat' dir='ltr'>satiras</span> <span class='ocrx_word' id='word_1_31' title='bbox 525 501 718 553; x_wconf 74' lang='lat' dir='ltr'>stipsisse</span> <span class='ocrx_word' id='word_1_32' title='bbox 745 501 846 541; x_wconf 88' lang='lat' dir='ltr'>bene</span> <span class='ocrx_word' id='word_1_33' title='bbox 874 500 941 542; x_wconf 88' lang='lat' dir='ltr'>Fr.</span> <span class='ocrx_word' id='word_1_34' title='bbox 970 501 1217 542; x_wconf 86' lang='lat' dir='ltr'>Fritzschius</span> <span class='ocrx_word' id='word_1_35' title='bbox 1245 503 1380 543; x_wconf 89' lang='lat' dir='ltr'>docuit</span> <span class='ocrx_word' id='word_1_36' title='bbox 1395 502 1442 547; x_wconf 76' lang='lat'>¹).</span> 
     </span>
    </p>

    <p class='ocr_par' dir='ltr' id='par_1_3' title="bbox 187 572 1696 1854">
     <span class='ocr_line' id='line_1_6' title="bbox 294 572 1694 626; baseline 0.001 -12"><span class='ocrx_word' id='word_1_37' title='bbox 294 574 356 614; x_wconf 90' lang='lat' dir='ltr'>Ac</span> <span class='ocrx_word' id='word_1_38' title='bbox 384 576 521 614; x_wconf 88' lang='lat' dir='ltr'>tamen</span> <span class='ocrx_word' id='word_1_39' title='bbox 550 586 572 614; x_wconf 93' lang='lat' dir='ltr'>e</span> <span class='ocrx_word' id='word_1_40' title='bbox 599 572 781 614; x_wconf 85' lang='lat' dir='ltr'>Timonis</span> <span class='ocrx_word' id='word_1_41' title='bbox 796 572 922 614; x_wconf 83' lang='lat' dir='ltr'>¹libris</span> <span class='ocrx_word' id='word_1_42' title='bbox 941 573 1158 626; x_wconf 80' lang='lat' dir='ltr'>Menippus</span> <span class='ocrx_word' id='word_1_43' title='bbox 1186 573 1356 614; x_wconf 88' lang='lat' dir='ltr'>multum</span> <span class='ocrx_word' id='word_1_44' title='bbox 1384 574 1572 625; x_wconf 89' lang='lat' dir='ltr'>profecit;</span> <span class='ocrx_word' id='word_1_45' title='bbox 1600 575 1694 615; x_wconf 90' lang='lat' dir='ltr'>inde</span> 
     </span>
     <span class='ocr_line' id='line_1_7' title="bbox 190 644 1694 698; baseline 0.001 -13"><span class='ocrx_word' id='word_1_46' title='bbox 190 647 296 685; x_wconf 91' lang='lat' dir='ltr'>enim</span> <span class='ocrx_word' id='word_1_47' title='bbox 326 645 512 686; x_wconf 88' lang='lat' dir='ltr'>subtilem</span> <span class='ocrx_word' id='word_1_48' title='bbox 540 644 872 698; x_wconf 89' lang='lat' dir='ltr'>philosophorum</span> <span class='ocrx_word' id='word_1_49' title='bbox 899 645 1264 698; x_wconf 83' lang='lat' dir='ltr'>reprehensionem,</span> <span class='ocrx_word' id='word_1_50' title='bbox 1301 657 1470 686; x_wconf 84' lang='lat' dir='ltr'>acumen</span> <span class='ocrx_word' id='word_1_51' title='bbox 1509 646 1694 687; x_wconf 88' lang='lat' dir='ltr'>dialecti-</span> 
     </span>
     <span class='ocr_line' id='line_1_8' title="bbox 190 718 1694 770; baseline 0.001 -12"><span class='ocrx_word' id='word_1_52' title='bbox 190 731 281 758; x_wconf 83' lang='lat' dir='ltr'>cum</span> <span class='ocrx_word' id='word_1_53' title='bbox 309 718 520 758; x_wconf 86' lang='lat' dir='ltr'>lasciviam</span> <span class='ocrx_word' id='word_1_54' title='bbox 560 730 652 757; x_wconf 87' lang='lat' dir='ltr'>vere</span> <span class='ocrx_word' id='word_1_55' title='bbox 692 719 886 757; x_wconf 86' lang='lat' dir='ltr'>comicam</span> <span class='ocrx_word' id='word_1_56' title='bbox 929 719 1116 769; x_wconf 82' lang='lat' dir='ltr'>repetiit3</span> <span class='ocrx_word' id='word_1_57' title='bbox 1152 718 1327 770; x_wconf 81' lang='lat' dir='ltr'>itemque</span> <span class='ocrx_word' id='word_1_58' title='bbox 1368 718 1578 770; x_wconf 83' lang='lat' dir='ltr'>probabile</span> <span class='ocrx_word' id='word_1_59' title='bbox 1620 723 1694 769; x_wconf 89' lang='lat' dir='ltr'>est,</span> 
     </span>
     <span class='ocr_line' id='line_1_9' title="bbox 188 790 1694 842; baseline 0.001 -11"><span class='ocrx_word' id='word_1_60' title='bbox 188 790 321 835; x_wconf 83' lang='lat' dir='ltr'>illius,</span> <span class='ocrx_word' id='word_1_61' title='bbox 377 790 492 831; x_wconf 90' lang='lat' dir='ltr'>cuius</span> <span class='ocrx_word' id='word_1_62' title='bbox 532 790 677 830; x_wconf 88' lang='lat' dir='ltr'>librum</span> <span class='ocrx_word' id='word_1_63' title='bbox 717 790 938 830; x_wconf 86' lang='lat' dir='ltr'>secundum</span> <span class='ocrx_word' id='word_1_64' title='bbox 976 794 1017 831; x_wconf 88' lang='lat' dir='ltr'>et</span> <span class='ocrx_word' id='word_1_65' title='bbox 1058 790 1220 830; x_wconf 88' lang='lat' dir='ltr'>tertium</span> <span class='ocrx_word' id='word_1_66' title='bbox 1267 791 1450 831; x_wconf 84' lang='lat' dir='ltr'>sillorum</span> <span class='ocrx_word' id='word_1_67' title='bbox 1490 791 1694 842; x_wconf 85' lang='lat' dir='ltr'>dialogum</span> 
     </span>
     <span class='ocr_line' id='line_1_10' title="bbox 189 862 1695 914; baseline 0.001 -12"><span class='ocrx_word' id='word_1_68' title='bbox 189 864 378 902; x_wconf 82' lang='lat' dir='ltr'>habuisse</span> <span class='ocrx_word' id='word_1_69' title='bbox 404 863 610 911; x_wconf 84' lang='lat' dir='ltr'>Diogenes</span> <span class='ocrx_word' id='word_1_70' title='bbox 638 862 821 902; x_wconf 75' lang='lat' dir='ltr'>Laertius</span> <span class='ocrx_word' id='word_1_71' title='bbox 850 862 970 901; x_wconf 87' lang='lat' dir='ltr'>testis</span> <span class='ocrx_word' id='word_1_72' title='bbox 1000 862 1113 909; x_wconf 81' lang='lat' dir='ltr'>est2),</span> <span class='ocrx_word' id='word_1_73' title='bbox 1142 862 1368 914; x_wconf 80' lang='lat' dir='ltr'>exemplum</span> <span class='ocrx_word' id='word_1_74' title='bbox 1398 866 1576 902; x_wconf 87' lang='lat' dir='ltr'>secutum</span> <span class='ocrx_word' id='word_1_75' title='bbox 1608 864 1695 903; x_wconf 90' lang='lat' dir='ltr'>di&#39;a-</span> 
     </span>
     <span class='ocr_line' id='line_1_11' title="bbox 189 935 1693 988; baseline 0 -12"><span class='ocrx_word' id='word_1_76' title='bbox 189 937 320 987; x_wconf 85' lang='lat' dir='ltr'>logica</span> <span class='ocrx_word' id='word_1_77' title='bbox 345 935 478 975; x_wconf 86' lang='lat' dir='ltr'>forma</span> <span class='ocrx_word' id='word_1_78' title='bbox 506 947 597 975; x_wconf 93' lang='lat' dir='ltr'>eum</span> <span class='ocrx_word' id='word_1_79' title='bbox 625 947 739 975; x_wconf 92' lang='lat' dir='ltr'>usum</span> <span class='ocrx_word' id='word_1_80' title='bbox 769 947 870 975; x_wconf 89' lang='lat' dir='ltr'>esse.</span> <span class='ocrx_word' id='word_1_81' title='bbox 927 935 1055 982; x_wconf 89' lang='lat' dir='ltr'>Quam</span> <span class='ocrx_word' id='word_1_82' title='bbox 1094 936 1257 975; x_wconf 84' lang='lat' dir='ltr'>omnino</span> <span class='ocrx_word' id='word_1_83' title='bbox 1292 935 1343 976; x_wconf 91' lang='lat' dir='ltr'>ab</span> <span class='ocrx_word' id='word_1_84' title='bbox 1371 947 1417 975; x_wconf 87' lang='lat' dir='ltr'>eo</span> <span class='ocrx_word' id='word_1_85' title='bbox 1457 939 1693 988; x_wconf 82' lang='lat' dir='ltr'>usurpatam</span> 
     </span>
     <span class='ocr_line' id='line_1_12' title="bbox 190 1006 1695 1061; baseline 0 -13"><span class='ocrx_word' id='word_1_86' title='bbox 190 1021 291 1055; x_wconf 89' lang='lat' dir='ltr'>esse,</span> <span class='ocrx_word' id='word_1_87' title='bbox 331 1008 396 1047; x_wconf 88' lang='lat' dir='ltr'>vel</span> <span class='ocrx_word' id='word_1_88' title='bbox 422 1007 515 1046; x_wconf 90' lang='lat' dir='ltr'>inde</span> <span class='ocrx_word' id='word_1_89' title='bbox 554 1008 749 1058; x_wconf 88' lang='lat' dir='ltr'>sequitur,</span> <span class='ocrx_word' id='word_1_90' title='bbox 789 1006 913 1058; x_wconf 90' lang='lat' dir='ltr'>quod·</span> <span class='ocrx_word' id='word_1_91' title='bbox 936 1008 1191 1052; x_wconf 80' lang='lat' dir='ltr'>,convivium&#39;</span> <span class='ocrx_word' id='word_1_92' title='bbox 1228 1008 1405 1059; x_wconf 84' lang='lat' dir='ltr'>scripsit.</span> <span class='ocrx_word' id='word_1_93' title='bbox 1461 1006 1695 1061; x_wconf 83' lang='lat' dir='ltr'>Quicunque</span> 
     </span>
     <span class='ocr_line' id='line_1_13' title="bbox 189 1078 1693 1128; baseline 0 -7"><span class='ocrx_word' id='word_1_94' title='bbox 189 1081 295 1121; x_wconf 88' lang='lat' dir='ltr'>enim</span> <span class='ocrx_word' id='word_1_95' title='bbox 311 1084 504 1127; x_wconf 89' lang='lat' dir='ltr'>veterum,</span> <span class='ocrx_word' id='word_1_96' title='bbox 531 1078 744 1127; x_wconf 87' lang='lat' dir='ltr'>,convivia‘</span> <span class='ocrx_word' id='word_1_97' title='bbox 765 1080 1036 1127; x_wconf 87' lang='lat' dir='ltr'>confecerunt,</span> <span class='ocrx_word' id='word_1_98' title='bbox 1065 1091 1159 1119; x_wconf 84' lang='lat' dir='ltr'>eam</span> <span class='ocrx_word' id='word_1_99' title='bbox 1178 1078 1264 1119; x_wconf 86' lang='lat' dir='ltr'>fere</span> <span class='ocrx_word' id='word_1_100' title='bbox 1292 1079 1488 1119; x_wconf 86' lang='lat' dir='ltr'>rationem</span> <span class='ocrx_word' id='word_1_101' title='bbox 1504 1081 1693 1128; x_wconf 86' lang='lat' dir='ltr'>inierunt,</span> 
     </span>
     <span class='ocr_line' id='line_1_14' title="bbox 189 1150 1696 1206; baseline 0.001 -14"><span class='ocrx_word' id='word_1_102' title='bbox 189 1156 233 1192; x_wconf 89' lang='lat' dir='ltr'>ut</span> <span class='ocrx_word' id='word_1_103' title='bbox 261 1153 443 1191; x_wconf 88' lang='lat' dir='ltr'>homines</span> <span class='ocrx_word' id='word_1_104' title='bbox 472 1151 609 1202; x_wconf 88' lang='lat' dir='ltr'>plures</span> <span class='ocrx_word' id='word_1_105' title='bbox 638 1150 689 1188; x_wconf 92' lang='lat' dir='ltr'>de</span> <span class='ocrx_word' id='word_1_106' title='bbox 717 1163 760 1190; x_wconf 88' lang='lat' dir='ltr'>re</span> <span class='ocrx_word' id='word_1_107' title='bbox 788 1152 974 1202; x_wconf 88' lang='lat' dir='ltr'>quapiam</span> <span class='ocrx_word' id='word_1_108' title='bbox 1005 1150 1309 1190; x_wconf 81' lang='lat' dir='ltr'>confabulantes</span> <span class='ocrx_word' id='word_1_109' title='bbox 1337 1151 1585 1206; x_wconf 79' lang='lat' dir='ltr'>inducerent.</span> <span class='ocrx_word' id='word_1_110' title='bbox 1639 1153 1696 1193; x_wconf 91' lang='lat' dir='ltr'>At</span> 
     </span>
     <span class='ocr_line' id='line_1_15' title="bbox 189 1223 1693 1277; baseline -0.002 -10"><span class='ocrx_word' id='word_1_111' title='bbox 189 1228 409 1266; x_wconf 86' lang='lat' dir='ltr'>Lucianum</span> <span class='ocrx_word' id='word_1_112' title='bbox 439 1223 635 1277; x_wconf 86' lang='lat' dir='ltr'>,Menippi</span> <span class='ocrx_word' id='word_1_113' title='bbox 661 1223 788 1264; x_wconf 89' lang='lat' dir='ltr'>libros</span> <span class='ocrx_word' id='word_1_114' title='bbox 817 1223 1023 1273; x_wconf 83' lang='lat' dir='ltr'>dialogum</span> <span class='ocrx_word' id='word_1_115' title='bbox 1050 1223 1251 1264; x_wconf 88' lang='lat' dir='ltr'>habuisse‘</span> <span class='ocrx_word' id='word_1_116' title='bbox 1279 1225 1379 1264; x_wconf 86' lang='lat' dir='ltr'>satis</span> <span class='ocrx_word' id='word_1_117' title='bbox 1411 1224 1568 1272; x_wconf 88' lang='lat' dir='ltr'>testari,</span> <span class='ocrx_word' id='word_1_118' title='bbox 1596 1237 1693 1277; x_wconf 93' lang='lat' dir='ltr'>quo-</span> 
     </span>
     <span class='ocr_line' id='line_1_16' title="bbox 188 1295 1694 1347; baseline 0 -9"><span class='ocrx_word' id='word_1_119' title='bbox 188 1298 308 1338; x_wconf 88' lang='lat' dir='ltr'>modo</span> <span class='ocrx_word' id='word_1_120' title='bbox 336 1297 401 1336; x_wconf 91' lang='lat' dir='ltr'>Fr.</span> <span class='ocrx_word' id='word_1_121' title='bbox 424 1295 671 1335; x_wconf 76' lang='lat' dir='ltr'>Fritzschius</span> <span class='ocrx_word' id='word_1_122' title='bbox 685 1295 719 1344; x_wconf 83' lang='lat'>³)</span> <span class='ocrx_word' id='word_1_123' title='bbox 748 1308 769 1335; x_wconf 95' lang='lat' dir='ltr'>e</span> <span class='ocrx_word' id='word_1_124' title='bbox 797 1295 872 1344; x_wconf 89' lang='lat' dir='ltr'>‚bis</span> <span class='ocrx_word' id='word_1_125' title='bbox 899 1299 1124 1336; x_wconf 86' lang='lat' dir='ltr'>accussato‘</span> <span class='ocrx_word' id='word_1_126' title='bbox 1153 1295 1208 1347; x_wconf 69' lang='grc' dir='ltr'>(ξ.</span> <span class='ocrx_word' id='word_1_127' title='bbox 1234 1296 1306 1344; x_wconf 88' lang='lat'>33)</span> <span class='ocrx_word' id='word_1_128' title='bbox 1334 1295 1480 1336; x_wconf 83' lang='lat' dir='ltr'>elicere</span> <span class='ocrx_word' id='word_1_129' title='bbox 1507 1296 1694 1339; x_wconf 79' lang='lat' dir='ltr'>voluerit.</span> 
     </span>
     <span class='ocr_line' id='line_1_17' title="bbox 187 1366 1694 1426; baseline -0.001 -16"><span class='ocrx_word' id='word_1_130' title='bbox 187 1383 250 1410; x_wconf 91' lang='lat' dir='ltr'>me</span> <span class='ocrx_word' id='word_1_131' title='bbox 279 1368 440 1424; x_wconf 76' lang='lat' dir='ltr'>quidem</span> <span class='ocrx_word' id='word_1_132' title='bbox 468 1379 552 1407; x_wconf 89' lang='lat' dir='ltr'>non</span> <span class='ocrx_word' id='word_1_133' title='bbox 578 1367 715 1407; x_wconf 90' lang='lat' dir='ltr'>videre</span> <span class='ocrx_word' id='word_1_134' title='bbox 750 1366 958 1418; x_wconf 82' lang='lat' dir='ltr'>profiteor.</span> <span class='ocrx_word' id='word_1_135' title='bbox 1013 1366 1056 1407; x_wconf 91' lang='lat' dir='ltr'>In</span> <span class='ocrx_word' id='word_1_136' title='bbox 1087 1368 1334 1408; x_wconf 88' lang='lat' dir='ltr'>contrarium</span> <span class='ocrx_word' id='word_1_137' title='bbox 1376 1368 1481 1407; x_wconf 89' lang='lat' dir='ltr'>enim</span> <span class='ocrx_word' id='word_1_138' title='bbox 1519 1368 1694 1426; x_wconf 74' lang='lat' dir='ltr'>affirma-</span> 
     </span>
     <span class='ocr_line' id='line_1_18' title="bbox 187 1439 1694 1491; baseline -0.001 -9"><span class='ocrx_word' id='word_1_139' title='bbox 187 1442 326 1489; x_wconf 84' lang='lat' dir='ltr'>verim,</span> <span class='ocrx_word' id='word_1_140' title='bbox 354 1441 591 1487; x_wconf 88' lang='lat' dir='ltr'>Lucianum‚</span> <span class='ocrx_word' id='word_1_141' title='bbox 619 1442 660 1479; x_wconf 87' lang='lat' dir='ltr'>et</span> <span class='ocrx_word' id='word_1_142' title='bbox 685 1439 755 1479; x_wconf 88' lang='lat' dir='ltr'>ubi</span> <span class='ocrx_word' id='word_1_143' title='bbox 783 1451 807 1478; x_wconf 91' lang='lat' dir='ltr'>a</span> <span class='ocrx_word' id='word_1_144' title='bbox 828 1439 999 1489; x_wconf 83' lang='lat' dir='ltr'>Dialogo</span> <span class='ocrx_word' id='word_1_145' title='bbox 1028 1443 1254 1488; x_wconf 86' lang='lat' dir='ltr'>accusatur,</span> <span class='ocrx_word' id='word_1_146' title='bbox 1282 1442 1322 1479; x_wconf 92' lang='lat' dir='ltr'>et</span> <span class='ocrx_word' id='word_1_147' title='bbox 1334 1440 1402 1479; x_wconf 88' lang='lat' dir='ltr'>ubi</span> <span class='ocrx_word' id='word_1_148' title='bbox 1428 1439 1513 1491; x_wconf 85' lang='lat' dir='ltr'>ipse</span> <span class='ocrx_word' id='word_1_149' title='bbox 1529 1452 1694 1481; x_wconf 85' lang='lat' dir='ltr'>causam</span> 
     </span>
     <span class='ocr_line' id='line_1_19' title="bbox 188 1511 1692 1565; baseline -0.002 -10"><span class='ocrx_word' id='word_1_150' title='bbox 188 1514 287 1565; x_wconf 84' lang='lat' dir='ltr'>agit,</span> <span class='ocrx_word' id='word_1_151' title='bbox 314 1515 373 1555; x_wconf 89' lang='lat' dir='ltr'>ita</span> <span class='ocrx_word' id='word_1_152' title='bbox 401 1514 621 1564; x_wconf 85' lang='lat' dir='ltr'>disputare,</span> <span class='ocrx_word' id='word_1_153' title='bbox 649 1515 694 1550; x_wconf 88' lang='lat' dir='ltr'>ut</span> <span class='ocrx_word' id='word_1_154' title='bbox 721 1523 764 1551; x_wconf 92' lang='lat' dir='ltr'>se</span> <span class='ocrx_word' id='word_1_155' title='bbox 791 1512 963 1563; x_wconf 87' lang='lat' dir='ltr'>primum</span> <span class='ocrx_word' id='word_1_156' title='bbox 982 1511 1087 1550; x_wconf 88' lang='lat' dir='ltr'>sales</span> <span class='ocrx_word' id='word_1_157' title='bbox 1103 1511 1438 1563; x_wconf 82' lang='lat' dir='ltr'>Aristophanicos</span> <span class='ocrx_word' id='word_1_158' title='bbox 1457 1514 1498 1550; x_wconf 93' lang='lat' dir='ltr'>et</span> <span class='ocrx_word' id='word_1_159' title='bbox 1519 1511 1692 1552; x_wconf 89' lang='lat' dir='ltr'>formam</span> 
     </span>
     <span class='ocr_line' id='line_1_20' title="bbox 189 1582 1694 1631; baseline -0.003 -3"><span class='ocrx_word' id='word_1_160' title='bbox 189 1587 437 1628; x_wconf 88' lang='lat' dir='ltr'>Socraticam</span> <span class='ocrx_word' id='word_1_161' title='bbox 466 1584 722 1624; x_wconf 86' lang='lat' dir='ltr'>consociasse</span> <span class='ocrx_word' id='word_1_162' title='bbox 759 1583 907 1622; x_wconf 89' lang='lat' dir='ltr'>diserte</span> <span class='ocrx_word' id='word_1_163' title='bbox 935 1583 1057 1622; x_wconf 89' lang='lat' dir='ltr'>dicat.</span> <span class='ocrx_word' id='word_1_164' title='bbox 1112 1582 1266 1622; x_wconf 85' lang='lat' dir='ltr'>Habuit</span> <span class='ocrx_word' id='word_1_165' title='bbox 1300 1595 1410 1631; x_wconf 90' lang='lat' dir='ltr'>vero,</span> <span class='ocrx_word' id='word_1_166' title='bbox 1439 1595 1511 1621; x_wconf 90' lang='lat' dir='ltr'>cur</span> <span class='ocrx_word' id='word_1_167' title='bbox 1549 1585 1608 1623; x_wconf 91' lang='lat' dir='ltr'>ita</span> <span class='ocrx_word' id='word_1_168' title='bbox 1634 1584 1694 1623; x_wconf 90' lang='lat' dir='ltr'>lo-</span> 
     </span>
     <span class='ocr_line' id='line_1_21' title="bbox 189 1654 1694 1712; baseline -0.002 -13"><span class='ocrx_word' id='word_1_169' title='bbox 189 1663 390 1712; x_wconf 88' lang='lat' dir='ltr'>queretur.</span> <span class='ocrx_word' id='word_1_170' title='bbox 447 1654 642 1707; x_wconf 86' lang='lat' dir='ltr'>Lepidam</span> <span class='ocrx_word' id='word_1_171' title='bbox 671 1655 776 1694; x_wconf 90' lang='lat' dir='ltr'>enim</span> <span class='ocrx_word' id='word_1_172' title='bbox 804 1654 916 1694; x_wconf 89' lang='lat' dir='ltr'>illam</span> <span class='ocrx_word' id='word_1_173' title='bbox 958 1654 1182 1707; x_wconf 88' lang='lat' dir='ltr'>bellamque</span> <span class='ocrx_word' id='word_1_174' title='bbox 1210 1655 1410 1695; x_wconf 88' lang='lat' dir='ltr'>fictionem</span> <span class='ocrx_word' id='word_1_175' title='bbox 1447 1654 1583 1695; x_wconf 92' lang='lat' dir='ltr'>libello</span> <span class='ocrx_word' id='word_1_176' title='bbox 1610 1659 1694 1696; x_wconf 87' lang='lat' dir='ltr'>tra-</span> 
     </span>
     <span class='ocr_line' id='line_1_22' title="bbox 189 1726 1694 1781; baseline -0.003 -8"><span class='ocrx_word' id='word_1_177' title='bbox 189 1735 339 1775; x_wconf 86' lang='lat' dir='ltr'>ctatam</span> <span class='ocrx_word' id='word_1_178' title='bbox 367 1728 551 1772; x_wconf 81' lang='lat' dir='ltr'>funditus</span> <span class='ocrx_word' id='word_1_179' title='bbox 578 1739 709 1781; x_wconf 86' lang='lat' dir='ltr'>paene</span> <span class='ocrx_word' id='word_1_180' title='bbox 749 1727 982 1767; x_wconf 86' lang='lat' dir='ltr'>sustulisset</span> <span class='ocrx_word' id='word_1_181' title='bbox 1009 1726 1261 1779; x_wconf 84' lang='lat' dir='ltr'>multumque</span> <span class='ocrx_word' id='word_1_182' title='bbox 1289 1728 1330 1766; x_wconf 92' lang='lat' dir='ltr'>di</span> <span class='ocrx_word' id='word_1_183' title='bbox 1358 1727 1400 1766; x_wconf 88' lang='lat' dir='ltr'>vi</span> <span class='ocrx_word' id='word_1_184' title='bbox 1426 1729 1694 1769; x_wconf 86' lang='lat' dir='ltr'>accusationis</span> 
     </span>
     <span class='ocr_line' id='line_1_23' title="bbox 187 1799 1694 1854; baseline -0.005 -8"><span class='ocrx_word' id='word_1_185' title='bbox 187 1817 213 1846; x_wconf 83' lang='lat' dir='ltr'>a</span> <span class='ocrx_word' id='word_1_186' title='bbox 239 1803 415 1854; x_wconf 84' lang='lat' dir='ltr'>Dialogo</span> <span class='ocrx_word' id='word_1_187' title='bbox 441 1802 625 1843; x_wconf 81' lang='lat' dir='ltr'>intentae</span> <span class='ocrx_word' id='word_1_188' title='bbox 653 1799 915 1848; x_wconf 78' lang='lat' dir='ltr'>detraxisset,</span> <span class='ocrx_word' id='word_1_189' title='bbox 945 1801 980 1839; x_wconf 91' lang='lat' dir='ltr'>si</span> <span class='ocrx_word' id='word_1_190' title='bbox 1006 1811 1031 1839; x_wconf 87' lang='lat' dir='ltr'>a</span> <span class='ocrx_word' id='word_1_191' title='bbox 1059 1800 1247 1853; x_wconf 89' lang='lat' dir='ltr'>Menippo</span> <span class='ocrx_word' id='word_1_192' title='bbox 1277 1801 1357 1839; x_wconf 87' lang='lat' dir='ltr'>iam</span> <span class='ocrx_word' id='word_1_193' title='bbox 1394 1800 1568 1840; x_wconf 88' lang='lat' dir='ltr'>formam</span> <span class='ocrx_word' id='word_1_194' title='bbox 1607 1800 1694 1840; x_wconf 86' lang='lat' dir='ltr'>dia-</span> 
     </span>
    </p>
   </div>
   <div class='ocr_carea' id='block_1_3' title="bbox 117 1873 1695 1935">
    <p class='ocr_par' dir='ltr' id='par_1_4' title="bbox 117 1873 1695 1935">
     <span class='ocr_line' id='line_1_24' title="bbox 117 1873 1695 1935; baseline -0.004 -16"><span class='ocrx_word' id='word_1_195' title='bbox 117 1928 124 1935; x_wconf 43' lang='lat'>·</span> <span class='ocrx_word' id='word_1_196' title='bbox 185 1877 269 1927; x_wconf 78' lang='lat' dir='ltr'>logi</span> <span class='ocrx_word' id='word_1_197' title='bbox 285 1877 329 1917; x_wconf 90' lang='lat' dir='ltr'>in</span> <span class='ocrx_word' id='word_1_198' title='bbox 346 1875 491 1915; x_wconf 84' lang='lat' dir='ltr'>satiris</span> <span class='ocrx_word' id='word_1_199' title='bbox 515 1874 738 1915; x_wconf 88' lang='lat' dir='ltr'>adhibitam</span> <span class='ocrx_word' id='word_1_200' title='bbox 761 1885 848 1913; x_wconf 88' lang='lat' dir='ltr'>esse</span> <span class='ocrx_word' id='word_1_201' title='bbox 877 1873 1157 1914; x_wconf 87' lang='lat' dir='ltr'>concessisset.</span> <span class='ocrx_word' id='word_1_202' title='bbox 1196 1873 1330 1925; x_wconf 90' lang='lat' dir='ltr'>Atque</span> <span class='ocrx_word' id='word_1_203' title='bbox 1357 1885 1403 1912; x_wconf 92' lang='lat' dir='ltr'>eo</span> <span class='ocrx_word' id='word_1_204' title='bbox 1432 1873 1586 1912; x_wconf 87' lang='lat' dir='ltr'>maiore</span> <span class='ocrx_word' id='word_1_205' title='bbox 1608 1873 1695 1912; x_wconf 89' lang='lat' dir='ltr'>iure</span> 
     </span>
    </p>
   </div>
   <div class='ocr_carea' id='block_1_4' title="bbox 187 1945 1695 2074">
    <p class='ocr_par' dir='ltr' id='par_1_5' title="bbox 187 1945 1695 2074">
     <span class='ocr_line' id='line_1_25' title="bbox 187 1945 1695 1998; baseline -0.004 -9"><span class='ocrx_word' id='word_1_206' title='bbox 187 1962 272 1990; x_wconf 92' lang='lat' dir='ltr'>rem</span> <span class='ocrx_word' id='word_1_207' title='bbox 299 1950 359 1988; x_wconf 82' lang='lat' dir='ltr'>ita</span> <span class='ocrx_word' id='word_1_208' title='bbox 386 1948 615 1988; x_wconf 87' lang='lat' dir='ltr'>describere</span> <span class='ocrx_word' id='word_1_209' title='bbox 643 1946 788 1998; x_wconf 90' lang='lat' dir='ltr'>potuit,</span> <span class='ocrx_word' id='word_1_210' title='bbox 817 1957 895 1996; x_wconf 90' lang='lat' dir='ltr'>quo</span> <span class='ocrx_word' id='word_1_211' title='bbox 924 1946 1057 1984; x_wconf 92' lang='lat' dir='ltr'>minus</span> <span class='ocrx_word' id='word_1_212' title='bbox 1088 1945 1251 1985; x_wconf 89' lang='lat' dir='ltr'>dubium</span> <span class='ocrx_word' id='word_1_213' title='bbox 1280 1945 1453 1992; x_wconf 86' lang='lat' dir='ltr'>videtur,</span> <span class='ocrx_word' id='word_1_214' title='bbox 1483 1946 1581 1995; x_wconf 89' lang='lat' dir='ltr'>quin</span> <span class='ocrx_word' id='word_1_215' title='bbox 1612 1945 1695 1984; x_wconf 85' lang='lat' dir='ltr'>Mc-</span> 
     </span>
     <span class='ocr_line' id='line_1_26' title="bbox 187 2015 1694 2074; baseline -0.004 -13"><span class='ocrx_word' id='word_1_216' title='bbox 187 2022 334 2074; x_wconf 86' lang='lat' dir='ltr'>nippus</span> <span class='ocrx_word' id='word_1_217' title='bbox 364 2020 567 2061; x_wconf 90' lang='lat' dir='ltr'>interdum</span> <span class='ocrx_word' id='word_1_218' title='bbox 596 2022 755 2058; x_wconf 89' lang='lat' dir='ltr'>tantum</span> <span class='ocrx_word' id='word_1_219' title='bbox 785 2016 945 2067; x_wconf 87' lang='lat' dir='ltr'>dialogo</span> <span class='ocrx_word' id='word_1_220' title='bbox 973 2028 1069 2056; x_wconf 90' lang='lat' dir='ltr'>usus</span> <span class='ocrx_word' id='word_1_221' title='bbox 1099 2017 1164 2065; x_wconf 89' lang='lat' dir='ltr'>sit,</span> <span class='ocrx_word' id='word_1_222' title='bbox 1192 2017 1278 2069; x_wconf 90' lang='lat' dir='ltr'>ipse</span> <span class='ocrx_word' id='word_1_223' title='bbox 1306 2022 1442 2057; x_wconf 89' lang='lat' dir='ltr'>autem</span> <span class='ocrx_word' id='word_1_224' title='bbox 1469 2015 1573 2056; x_wconf 88' lang='lat' dir='ltr'>hanc</span> <span class='ocrx_word' id='word_1_225' title='bbox 1604 2028 1694 2056; x_wconf 89' lang='lat' dir='ltr'>ora-</span> 
     </span>
    </p>
   </div>
   <div class='ocr_carea' id='block_1_5' title="bbox 184 2126 438 2135">
    <p class='ocr_par' dir='ltr' id='par_1_6' title="bbox 184 2126 438 2135">
     <span class='ocr_line' id='line_1_27' title="bbox 184 2126 438 2135; baseline 0 801"><span class='ocrx_word' id='word_1_226' title='bbox 184 2126 438 2135; x_wconf 95' lang='lat' dir='ltr'> </span> 
     </span>
    </p>
   </div>
   <div class='ocr_carea' id='block_1_6' title="bbox 184 2180 1731 2723">
    <p class='ocr_par' dir='ltr' id='par_1_7' title="bbox 184 2180 1731 2538">
     <span class='ocr_line' id='line_1_28' title="bbox 186 2180 1695 2229; baseline -0.001 -10"><span class='ocrx_word' id='word_1_227' title='bbox 186 2190 366 2220; x_wconf 78' lang='lat' dir='ltr'>monstrare</span> <span class='ocrx_word' id='word_1_228' title='bbox 389 2186 486 2225; x_wconf 81' lang='lat' dir='ltr'>dicat,</span> <span class='ocrx_word' id='word_1_229' title='bbox 511 2185 665 2217; x_wconf 86' lang='lat' dir='ltr'>vocabulo</span> <span class='ocrx_word' id='word_1_230' title='bbox 686 2185 827 2229; x_wconf 59' lang='lat' dir='ltr'>,bqa‘pa‘</span> <span class='ocrx_word' id='word_1_231' title='bbox 850 2192 913 2214; x_wconf 90' lang='lat' dir='ltr'>non</span> <span class='ocrx_word' id='word_1_232' title='bbox 938 2192 1065 2224; x_wconf 81' lang='lat' dir='ltr'>semper</span> <span class='ocrx_word' id='word_1_233' title='bbox 1088 2182 1269 2215; x_wconf 84' lang='lat' dir='ltr'>comoedias</span> <span class='ocrx_word' id='word_1_234' title='bbox 1301 2180 1487 2223; x_wconf 84' lang='lat' dir='ltr'>significari.</span> <span class='ocrx_word' id='word_1_235' title='bbox 1530 2183 1579 2216; x_wconf 88' lang='lat' dir='ltr'>Ibi</span> <span class='ocrx_word' id='word_1_236' title='bbox 1612 2184 1695 2217; x_wconf 81' lang='lat' dir='ltr'>enim</span> 
     </span>
     <span class='ocr_line' id='line_1_29' title="bbox 185 2245 1731 2289; baseline -0.003 -8"><span class='ocrx_word' id='word_1_237' title='bbox 185 2250 364 2282; x_wconf 84' lang='lat' dir='ltr'>Meinekius</span> <span class='ocrx_word' id='word_1_238' title='bbox 387 2249 486 2280; x_wconf 82' lang='lat' dir='ltr'>verba</span> <span class='ocrx_word' id='word_1_239' title='bbox 511 2247 628 2279; x_wconf 87' lang='lat' dir='ltr'>Suidae</span> <span class='ocrx_word' id='word_1_240' title='bbox 651 2250 784 2289; x_wconf 83' lang='lat' dir='ltr'>propter</span> <span class='ocrx_word' id='word_1_241' title='bbox 808 2246 971 2287; x_wconf 86' lang='lat' dir='ltr'>Cercopas</span> <span class='ocrx_word' id='word_1_242' title='bbox 995 2246 1033 2277; x_wconf 88' lang='lat' dir='ltr'>ad</span> <span class='ocrx_word' id='word_1_243' title='bbox 1057 2246 1290 2286; x_wconf 77' lang='lat' dir='ltr'>Hermippum,</span> <span class='ocrx_word' id='word_1_244' title='bbox 1330 2245 1477 2286; x_wconf 83' lang='lat' dir='ltr'>antiquae</span> <span class='ocrx_word' id='word_1_245' title='bbox 1511 2246 1695 2278; x_wconf 84' lang='lat' dir='ltr'>comoediae</span> <span class='ocrx_word' id='word_1_246' title='bbox 1726 2283 1731 2287; x_wconf 48' lang='grc'><strong>,</strong></span> 
     </span>
     <span class='ocr_line' id='line_1_30' title="bbox 184 2306 1697 2353; baseline -0.001 -10"><span class='ocrx_word' id='word_1_247' title='bbox 184 2314 330 2353; x_wconf 73' lang='lat' dir='ltr'>poetam,</span> <span class='ocrx_word' id='word_1_248' title='bbox 354 2310 498 2350; x_wconf 80' lang='lat' dir='ltr'>rettulit3</span> <span class='ocrx_word' id='word_1_249' title='bbox 533 2319 549 2341; x_wconf 78' lang='lat' dir='ltr'>a</span> <span class='ocrx_word' id='word_1_250' title='bbox 573 2318 632 2351; x_wconf 87' lang='lat' dir='ltr'>qua</span> <span class='ocrx_word' id='word_1_251' title='bbox 656 2309 812 2340; x_wconf 83' lang='lat' dir='ltr'>sententia</span> <span class='ocrx_word' id='word_1_252' title='bbox 844 2311 959 2349; x_wconf 84' lang='lat' dir='ltr'>postea</span> <span class='ocrx_word' id='word_1_253' title='bbox 994 2307 1137 2348; x_wconf 82' lang='lat' dir='ltr'>(vindic.</span> <span class='ocrx_word' id='word_1_254' title='bbox 1171 2306 1322 2338; x_wconf 78' lang='lat' dir='ltr'>Strabon.</span> <span class='ocrx_word' id='word_1_255' title='bbox 1352 2306 1402 2339; x_wconf 85' lang='lat' dir='ltr'>ed.</span> <span class='ocrx_word' id='word_1_256' title='bbox 1438 2307 1582 2339; x_wconf 87' lang='lat' dir='ltr'>Berolini</span> <span class='ocrx_word' id='word_1_257' title='bbox 1615 2308 1697 2341; x_wconf 84' lang='lat'>1852</span> 
     </span>
     <span class='ocr_line' id='line_1_31' title="bbox 185 2367 1695 2415; baseline -0.003 -10"><span class='ocrx_word' id='word_1_258' title='bbox 185 2384 216 2415; x_wconf 84' lang='lat' dir='ltr'>p.</span> <span class='ocrx_word' id='word_1_259' title='bbox 239 2372 312 2405; x_wconf 76' lang='lat'><strong>234.</strong></span> <span class='ocrx_word' id='word_1_260' title='bbox 336 2372 415 2414; x_wconf 84' lang='lat'>235)</span> <span class='ocrx_word' id='word_1_261' title='bbox 438 2372 573 2403; x_wconf 80' lang='lat' dir='ltr'>recessit</span> <span class='ocrx_word' id='word_1_262' title='bbox 596 2373 628 2402; x_wconf 87' lang='lat' dir='ltr'>et</span> <span class='ocrx_word' id='word_1_263' title='bbox 658 2370 837 2401; x_wconf 79' lang='lat' dir='ltr'>dramatum</span> <span class='ocrx_word' id='word_1_264' title='bbox 867 2369 966 2401; x_wconf 83' lang='lat' dir='ltr'>verbo</span> <span class='ocrx_word' id='word_1_265' title='bbox 995 2369 1113 2400; x_wconf 77' lang='lat' dir='ltr'>satiras</span> <span class='ocrx_word' id='word_1_266' title='bbox 1143 2367 1289 2408; x_wconf 83' lang='lat' dir='ltr'>Menippi</span> <span class='ocrx_word' id='word_1_267' title='bbox 1325 2367 1499 2408; x_wconf 82' lang='lat' dir='ltr'>significari</span> <span class='ocrx_word' id='word_1_268' title='bbox 1530 2370 1695 2402; x_wconf 84' lang='lat' dir='ltr'>cencessit.</span> 
     </span>
     <span class='ocr_line' id='line_1_32' title="bbox 185 2430 1696 2474; baseline -0.001 -9"><span class='ocrx_word' id='word_1_269' title='bbox 185 2434 290 2474; x_wconf 83' lang='lat' dir='ltr'>‚Quod</span> <span class='ocrx_word' id='word_1_270' title='bbox 314 2438 418 2466; x_wconf 77' lang='lat' dir='ltr'>autem</span> <span class='ocrx_word' id='word_1_271' title='bbox 437 2435 582 2465; x_wconf 73' lang='lat' dir='ltr'>,comicus</span> <span class='ocrx_word' id='word_1_272' title='bbox 605 2433 723 2465; x_wconf 86' lang='lat' dir='ltr'>dicitur</span> <span class='ocrx_word' id='word_1_273' title='bbox 744 2432 916 2474; x_wconf 80' lang='lat' dir='ltr'>Menippus</span> <span class='ocrx_word' id='word_1_274' title='bbox 938 2433 1118 2462; x_wconf 80' lang='lat' dir='ltr'>saturarum</span> <span class='ocrx_word' id='word_1_275' title='bbox 1142 2430 1294 2471; x_wconf 81' lang='lat' dir='ltr'>scriptor,</span> <span class='ocrx_word' id='word_1_276' title='bbox 1328 2431 1358 2462; x_wconf 92' lang='lat' dir='ltr'>in</span> <span class='ocrx_word' id='word_1_277' title='bbox 1384 2439 1421 2463; x_wconf 88' lang='lat' dir='ltr'>eo</span> <span class='ocrx_word' id='word_1_278' title='bbox 1442 2439 1505 2461; x_wconf 89' lang='lat' dir='ltr'>non</span> <span class='ocrx_word' id='word_1_279' title='bbox 1528 2432 1588 2469; x_wconf 84' lang='lat' dir='ltr'>est,</span> <span class='ocrx_word' id='word_1_280' title='bbox 1613 2432 1696 2472; x_wconf 89' lang='lat' dir='ltr'>quod</span> 
     </span>
     <span class='ocr_line' id='line_1_33' title="bbox 186 2497 425 2538; baseline 0.004 -10"><span class='ocrx_word' id='word_1_281' title='bbox 186 2497 257 2538; x_wconf 81' lang='lat' dir='ltr'>quis</span> <span class='ocrx_word' id='word_1_282' title='bbox 280 2497 425 2529; x_wconf 73' lang='lat' dir='ltr'>haereat·</span> 
     </span>
    </p>

    <p class='ocr_par' dir='ltr' id='par_1_8' title="bbox 270 2557 814 2594">
     <span class='ocr_line' id='line_1_34' title="bbox 270 2557 814 2594; baseline -0.004 -5"><span class='ocrx_word' id='word_1_283' title='bbox 270 2559 303 2594; x_wconf 92' lang='grc'>1)</span> <span class='ocrx_word' id='word_1_284' title='bbox 327 2558 376 2588; x_wconf 86' lang='lat' dir='ltr'>ed.</span> <span class='ocrx_word' id='word_1_285' title='bbox 400 2560 482 2589; x_wconf 86' lang='lat' dir='ltr'>Luc.</span> <span class='ocrx_word' id='word_1_286' title='bbox 506 2558 549 2588; x_wconf 88' lang='lat'>11.</span> <span class='ocrx_word' id='word_1_287' title='bbox 573 2557 606 2591; x_wconf 84' lang='lat'>2.</span> <span class='ocrx_word' id='word_1_288' title='bbox 631 2557 768 2587; x_wconf 85' lang='lat' dir='ltr'>XXXVI.</span> <span class='ocrx_word' id='word_1_289' title='bbox 787 2566 814 2588; x_wconf 79' lang='lat' dir='ltr'>s.</span> 
     </span>
    </p>

    <p class='ocr_par' dir='ltr' id='par_1_9' title="bbox 266 2613 1696 2663">
     <span class='ocr_line' id='line_1_35' title="bbox 266 2613 1696 2663; baseline -0.001 -14"><span class='ocrx_word' id='word_1_290' title='bbox 266 2619 303 2659; x_wconf 81' lang='lat'>2)</span> <span class='ocrx_word' id='word_1_291' title='bbox 328 2618 383 2650; x_wconf 84' lang='lat' dir='ltr'>IX.</span> <span class='ocrx_word' id='word_1_292' title='bbox 399 2619 476 2651; x_wconf 85' lang='lat'><strong>111.</strong></span> <span class='ocrx_word' id='word_1_293' title='bbox 492 2619 530 2652; x_wconf 77' lang='grc' dir='ltr'>τὸ</span> <span class='ocrx_word' id='word_1_294' title='bbox 549 2619 583 2651; x_wconf 67' lang='grc' dir='ltr'>δὲ</span> <span class='ocrx_word' id='word_1_295' title='bbox 608 2615 760 2663; x_wconf 68' lang='grc' dir='ltr'>δεύτερον</span> <span class='ocrx_word' id='word_1_296' title='bbox 786 2617 871 2658; x_wconf 82' lang='grc' dir='ltr'>(τῶν</span> <span class='ocrx_word' id='word_1_297' title='bbox 884 2615 1038 2657; x_wconf 80' lang='grc' dir='ltr'>Σίλλων)</span> <span class='ocrx_word' id='word_1_298' title='bbox 1063 2616 1117 2649; x_wconf 77' lang='grc' dir='ltr'>καὶ</span> <span class='ocrx_word' id='word_1_299' title='bbox 1141 2615 1253 2662; x_wconf 73' lang='grc' dir='ltr'><em>τρίτον</em></span> <span class='ocrx_word' id='word_1_300' title='bbox 1279 2615 1312 2647; x_wconf 75' lang='grc' dir='ltr'>ἐν</span> <span class='ocrx_word' id='word_1_301' title='bbox 1340 2613 1502 2658; x_wconf 58' lang='lat' dir='ltr'>emm-you</span> <span class='ocrx_word' id='word_1_302' title='bbox 1526 2615 1696 2661; x_wconf 71' lang='grc' dir='ltr'><strong><em>σχῆματι.</em></strong></span> 
     </span>
    </p>

    <p class='ocr_par' dir='ltr' id='par_1_10' title="bbox 272 2681 622 2723">
     <span class='ocr_line' id='line_1_36' title="bbox 272 2681 622 2723; baseline -0.006 -11"><span class='ocrx_word' id='word_1_303' title='bbox 272 2682 308 2721; x_wconf 86' lang='grc'>3)</span> <span class='ocrx_word' id='word_1_304' title='bbox 332 2681 353 2712; x_wconf 93' lang='lat' dir='ltr'>l.</span> <span class='ocrx_word' id='word_1_305' title='bbox 378 2691 405 2712; x_wconf 85' lang='lat' dir='ltr'>c.</span> <span class='ocrx_word' id='word_1_306' title='bbox 429 2691 461 2723; x_wconf 85' lang='lat' dir='ltr'>p.</span> <span class='ocrx_word' id='word_1_307' title='bbox 485 2681 622 2712; x_wconf 71' lang='lat' dir='ltr'>XXXVI.</span> 
     </span>
    </p>
   </div>
  </div>
 </body>
</html>
