1860 2936
749 173 800 180 .-
906 149 958 188 33
1065 170 1115 178 ..-

184 256 517 298 concluderentur
557 268 604 296 ac
647 255 994 295 concinnarentur.
1050 254 1165 301 Quod
1201 253 1443 305 vituperium
1483 254 1682 305 quomodo

182 342 231 370 se
255 329 412 377 habeat,
439 329 520 368 iam
549 327 779 367 videamus.
807 352 809 355 -

286 402 452 445 Summa
479 399 704 449 argumenti
732 397 811 437 huc
838 398 921 437 fere
947 384 1081 437 redit:
1132 398 1346 449 Menippus
1374 400 1501 438 amico
1528 405 1681 449 narrat,

182 486 259 526 quo
288 474 485 514 desiderio
513 473 709 524 impulsus
738 471 959 523 quibusque
989 471 1142 512 artibus
1170 483 1267 516 usus
1294 471 1338 510 in
1352 483 1488 511 orcum
1516 473 1681 513 descen-

181 547 286 587 derit
312 547 441 599 eique,
472 545 569 598 quid
595 545 651 585 ibi
682 544 824 584 viderit
851 549 891 584 et
918 544 1116 591 audierit,
1152 556 1240 583 cum
1269 544 1493 595 describat,
1532 546 1680 587 divites

180 620 437 670 potissimum
464 631 511 657 ac
538 620 723 669 potentes
751 617 934 668 increpat
961 616 1227 667 acerbumque
1265 616 1307 654 in
1344 628 1412 655 eos
1453 628 1478 655 a
1508 620 1679 658 mortuis

181 678 434 743 plebiscitum
462 690 587 730 latum
615 700 704 729 esse
731 689 917 729 affirmat.
946 687 1102 730 Deinde
1133 699 1157 726 a
1177 687 1335 727 Tiresia·
1347 688 1535 730 edoctum
1553 691 1678 731 vitam

179 762 386 801 hominum
413 761 712 802 illitteratorum
741 751 1019 801 beatissimum
1048 772 1138 800 esse
1168 758 1259 809 (hoc
1288 760 1393 800 enim
1421 762 1523 801 scire
1541 762 1679 802 volue-

179 834 261 887 rat)
289 847 340 875 ex
367 845 460 875 orco
488 846 533 876 se
560 833 603 875 in
629 838 778 875 terram
805 833 959 874 redisse
986 833 1124 873 refert.

283 906 377 946 Uta
405 918 539 957 causa,
570 918 648 958 qua
664 908 887 946 commotus
900 905 1112 957 Menippus
1139 905 1214 944 iter
1228 904 1329 944 illud
1356 906 1562 946 insolitum
1588 920 1679 948 sus-

181 981 337 1031 cepisse
365 979 537 1028 dicitur,
591 979 853 1030 incipiamus,
901 979 969 1017 diu
1007 990 1096 1017 eam
1137 978 1445 1030 circumspicere
1484 984 1555 1020 aut
1595 981 1678 1021 alte

180 1062 385 1090 arcessere
413 1050 590 1089 Luciano
619 1061 718 1101 opus
747 1062 826 1090 non
859 1050 949 1089 fuit.
1003 1048 1179 1095 Fabulae
1222 1050 1329 1090 enim
1365 1050 1414 1090 de
1450 1052 1536 1091 deis
1572 1053 1677 1094 cele-

180 1122 321 1161 bratae
349 1123 458 1161 vitiis
487 1121 813 1173 facinoribusque
842 1133 980 1160 eorum
1012 1113 1100 1160 tam'
1124 1121 1299 1160 refertae
1335 1121 1522 1170 fuerunt,
1560 1128 1606 1163 ut
1642 1126 1678 1165 si

180 1194 269 1246 quis
298 1205 366 1233 eas
398 1194 696 1243 consideraret,
724 1191 1012 1245 improbandas
1039 1192 1343 1245 reiciendasque
1372 1206 1440 1233 eas
1469 1207 1557 1236 esse
1593 1200 1678 1237 sta-

179 1267 251 1307 tim
281 1266 448 1305 videret.
506 1266 636 1313 Quare
664 1267 744 1306 iam
762 1277 786 1304 a
812 1265 1014 1305 veteribus
1038 1264 1281 1304 Graecorum
1309 1265 1556 1318 philosophis
1585 1281 1678 1319 gra-

177 1340 343 1378 vissime
372 1339 621 1389 vituperatae
649 1343 742 1379 sunt
768 1339 1043 1390 imprimisque
1073 1337 1303 1386 aPlatone‚
1330 1339 1399 1390 qui
1414 1341 1574 1381 omnino
1595 1354 1678 1391 eas,

179 1410 322 1462 quibus
350 1422 417 1448 res
445 1414 584 1461 turpes
614 1414 732 1461 atque
761 1410 997 1449 inhonestae
1025 1410 1074 1447 de
1102 1410 1187 1448 deis
1216 1413 1477 1458 canerentur,
1515 1424 1540 1450 a
1566 1414 1678 1452 iuve-

177 1495 274 1522 num
302 1482 525 1534 disciplinis
554 1483 751 1523 removeri
777 1482 904 1522 voluit
918 1482 965 1530 ¹).
995 1504 1045 1511 —-
1075 1481 1338 1537 Dubitantem
1365 1483 1491 1532 igitur
1522 1484 1679 1538 Menip—

177 1567 272 1606 pum
300 1554 498 1593 Lucianus
526 1554 637 1603 fecit,
665 1557 799 1593 utrum
825 1555 867 1593 in
895 1554 980 1593 vita
1005 1553 1254 1592 instituenda
1266 1553 1425 1593 fabulas
1453 1555 1557 1605 illas,
1587 1569 1678 1597 cum

179 1639 279 1680 quae
308 1627 372 1667 dei
399 1627 590 1674 facerent,
619 1626 726 1666 bona
754 1638 842 1666 esse
871 1629 1084 1678 oporteret,
1114 1620 1163 1665 an
1191 1625 1299 1675 leges
1329 1631 1574 1679 sequeretur,
1592 1631 1679 1682 qui-

178 1699 253 1737 bus
282 1698 462 1737 homines
492 1700 695 1737 contraria
721 1698 855 1738 facere
883 1698 1129 1736 iuberentur.
1185 1698 1244 1737 Ne
1273 1698 1423 1737 diutius
1459 1700 1679 1742 haesitaret

177 1770 429 1824 pbilosophis
459 1783 501 1810 se
530 1771 789 1811 erudiendum
820 1770 1009 1820 tradidit,
1038 1770 1108 1810 sed
1136 1769 1192 1810 ibi
1221 1783 1379 1823 quoque
1407 1784 1479 1823 spe
1508 1773 1678 1815 destitu-

176 1848 255 1891 tus,
284 1855 371 1882 cum
401 1842 474 1889 illi,
504 1842 600 1893 quid
629 1843 774 1881 bonum
812 1844 942 1890 esset,
983 1854 1063 1880 non
1091 1843 1384 1890 consentirent,
1413 1849 1532 1896 atque
1578 1859 1679 1898 quae

175 1917 255 1968 ipsi
283 1918 458 1965 agerent,
487 1915 663 1954 maxime
691 1926 780 1954 cum
807 1915 986 1965 ipsorum
1014 1913 1172 1965 placitis
1187 1921 1470 1966 repugnarent,
1498 1918 1677 1959 animum

176 1988 348 2036 induxit,
376 1990 420 2026 ut
447 1986 655 2035 Tiresiam,
683 1990 813 2024 vatem
844 1985 958 2024 illum
986 1986 1220 2036 sapientem,
1251 1987 1298 2025 de
1329 1988 1411 2026 vita
1434 1989 1553 2028 beata
1582 2003 1676 2031 con-

176 2059 339 2099 suleret.
396 2058 536 2111 Itaque
563 2062 607 2098 ut
634 2070 840 2112 magorum
869 2053 1021 2121 artibus
1049 2058 1089 2096 in
1118 2070 1254 2097 orcum
1285 2058 1512 2106 duceretur,
1541 2061 1677 2115 Baby-

175 2131 307 2170 lonem
337 2131 544 2170 contendit
571 2142 696 2181 eoque
726 2141 816 2169 cum
844 2121 1033 2175 venisset,
1060 2129 1103 2168 id
1131 2130 1238 2180 quod
1267 2130 1407 2180 voluit,
1436 2138 1675 2185 assequutus

177 2206 251 2244 est.
307 2201 410 2242 Nam
455 2202 789 2259 Mithrobarzanis
817 2201 925 2251 magi
962 2201 1155 2241 beneficio
1196 2214 1288 2241 cum
1327 2204 1377 2242 ad
1412 2204 1563 2246 inferos
1607 2208 1677 2249 de-

174 2275 412 2325 scendisset,
441 2279 657 2328 postquam
682 2286 819 2315 orcum
847 2274 1123 2325 permigravit,
1151 2277 1287 2315 vatem
1314 2275 1426 2316 illum
1456 2278 1568 2319 adiit.
1598 2280 1675 2328 Qui

175 2350 466 2399 interrogatus,
507 2360 705 2399 quaenam
744 2348 851 2388 vitae
892 2347 1160 2387 instituendae
1189 2348 1293 2388 ratio
1332 2349 1519 2400 eligenda
1560 2357 1680 2404 esset,

177 2420 195 2459 ὁ
226 2423 307 2469 τῶν
338 2420 521 2469 ἰδιωτῶν,
567 2420 709 2471 inquit,
740 2417 904 2474 ἄριστος
930 2418 1031 2466 βίος·
1087 2415 1169 2456 Καὶ
1201 2421 1530 2477 σωφρονέστερος
1560 2422 1680 2479 ἕσηῖ),

258 2585 294 2625 1)
317 2585 422 2617 Plato.
445 2585 581 2628 Republ.
605 2585 637 2617 11
658 2594 689 2626 p.
714 2586 775 2617 377
798 2594 865 2626 sqq.

257 2648 293 2688 2)
317 2648 361 2679 sic
387 2648 531 2680 correxit
552 2648 609 2681 Fr.
637 2648 846 2680 Fritzschius.
871 2647 949 2680 Luc.
976 2647 1025 2681 ed.
1051 2648 1088 2680 ad
1112 2648 1141 2679 h.
1170 2649 1188 2680 l.

1387 2744 1411 2782 οἳ»)
