1860 2936
726 148 1092 189 ..21-

158 251 235 292 hue
263 254 351 305 ipse
379 253 470 293 illos
499 252 677 298 adiuva-t,
707 253 743 291 si
770 253 860 304 quis
889 254 1138 292 mortuorum
1167 251 1367 292 difficilior
1382 254 1445 291 est
1462 255 1502 290 et
1525 261 1665 289 eorum

157 326 338 378 imperiis
366 327 497 366 minus
527 325 838 376 obtemperaffl).
893 324 1023 372 Quare
1052 324 1238 364 laudibus
1268 336 1292 363 a
1318 324 1516 365 Mercurio
1546 321 1663 362 effer-

160 398 272 450 tur2)
311 403 351 438 et
379 398 512 449 aliquo
552 409 719 437 numero
760 397 868 449 apud
904 398 1055 438 inferos
1092 401 1165 445 est,
1201 397 1259 436 ita
1296 397 1454 448 quidem
1493 400 1537 434 ut
1577 396 1663 446 ipse

158 468 382 510 Mercurius
411 469 580 520 (XVIII)
611 472 651 510 et
678 470 840 509 Aeaeus
867 469 982 519 (XX)
1011 482 1100 511 eum
1121 481 1193 522 per
1220 481 1357 509 orcum
1385 470 1662 530 circumagunt

157 543 284 595 eique,
312 554 569 595 quoscunque
596 541 696 590 vult,
723 545 958 583 monstrent.
987 566 1038 572 —-
1142 527 1151 531 ³

262 614 431 655 Prorsus
460 621 591 654 autem
622 615 783 654 easdem
811 615 979 655 virtutes
1007 614 1179 664 Diogeni
1208 619 1247 655 et
1259 615 1428 667 Cynisoo
1446 613 1660 654 vindican-

159 691 239 732 tur,
267 686 468 736 Diogenes
497 686 756 739 philosophos
786 686 836 738 (I,
863 688 907 737 2)
937 686 1134 737 obiurgat,
1179 688 1323 727 divites
1350 687 1495 727 irridet
1522 685 1572 734 (I,
1600 685 1669 736 3)λ

157 772 237 807 θοε,
267 760 334 811 qui
363 759 607 799 hereditates
636 762 801 811 captare
829 756 1062 808 studebant,
1088 761 1289 812 vituperat
1317 760 1405 810 (XI,
1426 760 1461 808 1,
1489 760 1534 806 4)
1561 758 1659 799 Ale-

156 832 323 878 xandro,
351 833 456 884 quod
486 833 604 872 deum
634 844 677 871 se
706 832 845 871 haberi
871 832 1059 880 voluerit,
1094 834 1306 885 opprobrio
1343 833 1464 873 vertit
1506 830 1657 882 (XIII),

156 917 294 944 omnes
324 904 492 956 denique
523 905 608 944 risu
637 908 677 944 et
705 904 949 945 contumelia
975 906 1232 957 prosequitur
1243 906 1285 953 3).
1314 926 1363 934 -
1390 906 1523 956 Atque
1553 905 1587 943 si
1615 904 1658 942 id

155 981 340 1030 spectare
368 977 527 1025 dieitur,
556 980 601 1017 ut
628 977 811 1017 hominos
843 989 866 1016 a
894 978 1029 1030 pravis
1059 978 1202 1028 studiis
1231 977 1566 1030 opinionibusque
1593 988 1656 1016 re-

152 1053 272 1090 vocet
299 1053 516 1101 'eorumque
552 1050 731 1089 medicus
763 1051 945 1097 exsistat,
973 1062 1022 1089 ne
1059 1050 1273 1102 Menippus
1311 1049 1475 1102 quidem
1502 1049 1544 1089 in
1573 1049 1656 1088 elu-

154 1121 294 1161 dendis
322 1120 548 1161 hominibus
578 1122 810 1174 acquiescit,
853 1122 924 1161 sed
953 1134 1019 1162 eos
1047 1122 1147 1163 tales
1176 1124 1343 1163 reddere
1370 1121 1469 1169 vult,
1515 1121 1655 1173 quales

151 1194 271 1234 rebus
298 1194 578 1247 praesentibus
615 1195 672 1235 uti
702 1195 831 1235 sciant
870 1207 996 1247 neque
1033 1195 1265 1247 quidquam,
1303 1189 1409 1247 quod
1449 1194 1654 1243 acciderit,

153 1266 407 1307 tolerandum
435 1279 522 1307 esse
550 1270 696 1317 negent
709 1268 743 1316 4)
798 1260 940 1314 Ita'fit‚
969 1271 1013 1307 ut
1034 1267 1246 1320 Menippus
1276 1271 1315 1307 et
1336 1267 1538 1317 Diogenes
1562 1279 1653 1318 per-

151 1341 366 1378 mutentur.
423 1339 530 1385 Quas
559 1340 665 1378 enim
706 1342 841 1391 partes
869 1340 910 1378 in
952 1339 1111 1388 dialogo
1148 1342 1399 1380 mortuorum
1429 1337 1467 1378 II
1494 1337 1655 1390 Menip-

150 1423 226 1463 pus
255 1411 352 1460 agit‚
380 1423 447 1450 eas
475 1411 570 1450 Neo.
603 1411 623 1462 ξ
655 1411 702 1450 18
732 1410 950 1460 Diogenem
982 1423 1101 1460 agere
1129 1412 1311 1461 legimus.

256 1484 503 1536 Comparare
526 1484 639 1523 iuvat
673 1483 903 1535 Cyniseum,
943 1485 1009 1536 qui
1035 1485 1079 1524 in
1107 1485 1278 1535 dialogo,
1318 1484 1387 1537 qui
1423 1483 1654 1536 ‚Cataphus‘

150 1557 396 1604 inscribitur,
425 1558 644 1609 primarum
681 1558 858 1609 partium
896 1561 968 1597 est.
1024 1557 1088 1605 Ut,
1118 1570 1218 1610 quae
1248 1558 1296 1599 de
1325 1571 1370 1597 eo
1411 1558 1653 1602 referuntur,

149 1630 324 1671 breviter
353 1630 609 1679 attingamus.
642 1629 946 1683 Megapenthem
976 1634 1204 1682 tyrannum,
1237 1630 1341 1670 clam
1369 1631 1410 1670 in
1440 1631 1560 1670 vitam
1590 1643 1652 1669 re-

149 1703 237 1743 dire
267 1705 470 1743 conatum,
498 1713 572 1741 sua
599 1706 741 1754 sponte
765 1715 845 1742 una
873 1715 961 1742 oum
978 1702 1177 1743 Mercurio
1205 1703 1460 1755 persequitur
1472 1704 1505 1755 θ)
1533 1704 1653 1742 redu-

149 1779 315 1827 etusque
342 1787 391 1814 ne
419 1775 568 1814 iterum
605 1774 782 1824 effugiat,
811 1778 926 1814 curat
941 1776 995 1823 Ὃς
1022 1776 1145 1825 solus,
1174 1775 1340 1828 Micyllo
1368 1779 1505 1816 sutore
1534 1788 1651 1815 exce-

147 1850 234 1899 pto,
263 1859 286 1887 a
315 1846 557 1886 elamoribus
587 1858 629 1886 se
659 1848 853 1894 abstinet;
890 1852 1012 1899 postq
1042 1861 1103 1887 am
1139 1851 1270 1887 autem
1300 1848 1354 1887 ad
1395 1847 1652 1887 Rhadaman-

147 1920 257 1961 thum
307 1922 467 1959 ventum
514 1921 595 1966 est,
650 1922 864 1972 tyrannum
909 1919 1036 1960 sceler
1065 1933 1103 1960 m
1152 1923 1338 1968 accusat,
1357 1921 1390 1969 ⁸)
1441 1920 1650 1960 insolitae-

148 2005 224 2046 que
252 2004 417 2045 poenae,
447 2003 526 2044 qua
546 1991 730 2040 afficitur,
760 1995 899 2032 auctor
928 1993 1037 2045 est9).
1066 1992 1146 2033 Sed
1174 1993 1272 2034 haee
1289 1994 1463 2034 fortasse
1482 1994 1650 2044 leviora,

146 2066 308 2115 gravius
335 2068 473 2105 tamen
501 2064 614 2104 illud.
669 2065 862 2117 Cyniseus
891 2066 996 2105 enim
1025 2069 1064 2105 et
1092 2064 1308 2118 Menippus
1347 2067 1452 2105 inter
1480 2079 1524 2106 se
1554 2079 1648 2107 oon-

1710 386 1759 402 Χ

230 2179 265 2218 1)
289 2179 365 2211 dial.
389 2183 481 2212 mort.
507 2181 550 2220 X,
573 2181 603 2212 9.

227 2240 263 2281 2)
286 2238 361 2273 dial.
387 2245 480 2277 morl.
504 2243 541 2281 X,
567 2242 618 2274 13.

226 2302 262 2342 3)
286 2303 347 2333 vit.
371 2306 453 2334 auct.
479 2305 499 2345 §
524 2305 574 2337 10.

227 2366 262 2407 4)
285 2363 350 2396 Vir.
374 2368 455 2397 auct.
481 2366 501 2407 §
524 2367 555 2399 8.

227 2430 262 2468 5)
285 2426 360 2460 dial.
385 2430 478 2458 mort.
502 2424 612 2467 XXVI,
637 2431 666 2461 2.

226 2490 263 2530 6)
286 2491 357 2521 Cat.
382 2488 402 2531 §
426 2489 454 2522 4.

226 2553 261 2593 7)
285 2552 354 2585 eat.
379 2552 399 2593 §
423 2551 452 2583 7.

223 2612 261 2653 8)
285 2614 354 2644 Cat.
381 2613 400 2654 §
424 2614 475 2645 23.
502 2614 552 2644 26.
577 2614 629 2645 27,

226 2676 261 2718 9)
286 2677 356 2709 Cat.
382 2676 402 2718 ξ
425 2677 475 2709 28.
