1860 2936
755 123 1123 165 424-

279 227 407 274 Quam
434 241 652 281 personam
681 228 895 282 Menippus
923 230 1031 283 apud
1060 230 1281 271 Lucianum
1320 231 1519 271 sustineat
1539 234 1586 271 et
1614 243 1691 284 quo

176 302 359 350 tempore
387 301 441 348 hi,
471 303 520 342 de
552 302 695 354 quibus
725 303 893 352 agimus,
920 302 1068 352 dialogi
1099 290 1270 343 confecti
1295 302 1389 354 sint,
1418 304 1691 358 exposuimus.

176 369 271 411 lude
303 387 396 414 vero
426 387 506 414 non
536 376 657 415 modo
686 376 787 415 nihil
816 375 921 415 effici
950 387 1070 427 posse
1088 407 1099 423 ‚
1129 376 1233 416 unde
1262 376 1594 428 Necyomantiam
1640 377 1690 415 ab

178 455 224 481 eo
255 446 451 498 scriptam
480 460 557 487 non
588 460 676 488 esse
707 451 977 499 consequatur
1020 449 1090 487 sed
1134 452 1175 488 et
1215 448 1333 489 facile
1376 453 1576 498 aetatem,
1612 460 1692 500 qua

178 517 363 566 profecta
392 521 462 563 sit,
491 520 795 569 angustioribus
825 520 971 560 finibus
1002 521 1263 561 circumcludi
1291 533 1422 572 posse,
1455 523 1495 559 et
1512 521 1691 572 Menippi

178 601 323 636 mores,
353 592 492 643 quales
521 592 579 632 ibi
607 592 838 632 adumbrati
867 594 961 641 sint,
991 605 1081 633 cum
1109 594 1285 643 imagine
1313 594 1353 633 in
1387 593 1691 645 Icaromenippo

182 663 347 713 depicta
376 677 543 715 prorsus
577 677 795 714 congruere
824 666 1008 705 vidimus.
1064 665 1200 717 Itaque
1231 668 1398 714 restant,
1428 678 1529 717 quae
1557 666 1599 705 in
1627 677 1693 704 ar-

181 739 370 783 gumento
400 737 580 787 invento⁷
609 738 816 789 disposit0‚
846 741 1019 777 tractato
1048 737 1252 778 nonnullis
1283 739 1381 778 viris
1411 738 1542 779 doctis
1559 739 1692 788 indig-

181 820 233 846 na
262 807 442 848 Luciano
472 811 561 849 visa
589 813 698 849 sunt.
754 809 841 855 Qua
868 810 910 848 in
938 802 1212 861 disputatione
1241 823 1264 850 a
1297 811 1469 860 dialogis
1512 814 1692 850 mortuo-

181 893 295 927 rum,
324 882 392 933 qui
422 895 559 923 omnes
588 895 667 922 uno
697 882 888 922 Jacobsio
919 886 1089 934 excepto
1119 883 1168 922 ab
1200 884 1384 923 omnibus
1414 884 1577 933 genuini
1620 883 1691 923 ha-

183 953 339 1004 bentur,
368 956 566 1007 proficissi
596 968 715 1006 quam
745 967 769 994 a
796 944 1086 1006 Necyomantia
1114 959 1309 1007 praestat.
1337 955 1424 995 Hoc
1439 958 1541 995 enim
1571 957 1691 996 modo

183 1038 262 1077 qua
289 1028 443 1067 ratione
471 1029 512 1067 in
542 1031 779 1078 argumento
809 1032 850 1068 et
878 1028 1142 1080 concipiendo
1173 1033 1213 1068 et
1241 1029 1463 1069 enarrando
1492 1028 1693 1069 Lucianus

188 1104 369 1139 versatus
398 1102 464 1150 sit,
498 1102 532 1141 si
561 1103 901 1153 perspexerimuS,
929 1102 1023 1152 quid
1044 1102 1092 1141 de
1117 1101 1406 1153 Necyomantia
1435 1102 1691 1141 iudicandum

183 1173 248 1222 sit,
277 1174 428 1213 rectius
457 1176 693 1215 statuemus.

288 1247 392 1285 Fons
431 1247 682 1296 dialogorum
730 1251 998 1294 mortuorum,
1036 1248 1129 1298 quin
1171 1248 1372 1298 Odysseae
1410 1248 1510 1286 liber
1538 1248 1689 1286 XImus

183 1318 249 1364 sit,
279 1318 457 1358 dubitari
486 1320 636 1371 nequit.
666 1320 768 1359 Nam
786 1312 1073 1368 'cum-Homeri
1102 1319 1184 1365 illa,
1214 1332 1315 1371 quae
1343 1324 1519 1368 vocatur,
1550 1318 1692 1358 νεκύϊα

185 1394 230 1428 ut
259 1391 331 1431 hos
365 1393 608 1443 conciperet,
639 1396 876 1439 commotus,
905 1396 990 1431 tum
1021 1393 1140 1431 etiam
1167 1392 1448 1430 nonnullorum
1479 1403 1692 1441 argumen-

154 1450 267 1503 'tum
297 1464 390 1503 inde
419 1464 590 1516 petitum
621 1476 712 1503 esse
740 1464 1001 1503 manifestum
1031 1467 1101 1503 est.
1140 1463 1224 1503 Hos
1253 1468 1298 1504 ut
1326 1476 1567 1507 enumerem,
1598 1463 1692 1503 dial.

182 1549 234 1575 m.
273 1536 463 1579 XVImus
501 1549 550 1578 ex
591 1537 651 1576 Od
697 1536 767 1583 XI,
814 1537 1037 1583 601—603,
1081 1537 1117 1575 d.
1155 1536 1382 1576 XXIXmus
1425 1549 1474 1576 ex
1517 1536 1587 1576 Od.
1623 1536 1694 1583 XI,

182 1609 407 1658 553-564‚
436 1610 473 1651 d.
502 1609 670 1649 XVmus
701 1622 750 1649 ex
781 1610 840 1650 Od
869 1608 938 1657 XI,
974 1609 1201 1653 487-491‚
1241 1609 1277 1648 d.
1306 1608 1508 1649 XVIImus
1534 1621 1583 1648 ex
1622 1609 1693 1649 Od.
1728 1611 1733 1616 '

182 1681 243 1720 XI
271 1694 310 1733 p.
338 1681 551 1722 582—592
581 1683 733 1733 sumpti
763 1686 868 1721 sunt.
924 1682 1023 1720 Tum
1053 1685 1355 1731 argumentum,
1386 1683 1492 1735 quod
1523 1680 1693 1730 dialogis

181 1752 346 1792 XIXmo
378 1756 418 1793 et
457 1753 642 1793 XXVmo
679 1757 897 1793 tractatum
937 1757 1018 1803 est,
1056 1766 1106 1793 ex
1149 1753 1272 1792 Iliade
1309 1753 1539 1804 repetetflt,
1576 1757 1694 1805 atque

184 1825 279 1864 dial.
329 1826 539 1865 XIXmum
590 1838 639 1865 ex
670 1825 700 1864 Il
747 1826 793 1872 Π,
829 1827 918 1873 698,
959 1826 1046 1873 702,
1088 1826 1181 1864 dial.
1228 1825 1345 1866 XXV
1385 1837 1434 1865 ex
1476 1825 1507 1864 Il
1545 1825 1580 1864 II
1616 1826 1694 1865 216

185 1901 225 1938 et
253 1899 341 1939 673.

287 1972 479 2011 Praeter-a
507 1985 556 2011 ex
585 1973 674 2011 aliis
713 1984 871 2025 quoque
913 1972 1068 2023 poetis,
1110 1972 1178 2023 qui
1216 1971 1331 2011 nobis
1372 1983 1451 2010 non
1488 1971 1571 2010 iam
1611 1971 1694 2010 noti

184 2048 290 2091 sunt,
319 2057 449 2096 pauca
477 2045 748 2097 deprompsit;
787 2044 894 2096 quod
923 2044 1087 2096 quidem
1116 2045 1165 2084 de
1194 2043 1275 2083 illis
1303 2043 1453 2083 fabulis
1482 2043 1694 2084 dicendum

184 2118 281 2165 erit,
322 2129 422 2169 quae
461 2119 568 2168 apud
606 2102 708 2157 alios
738 2128 893 2170 quoque
921 2117 1138 2169 scriptores
1156 2145 1165 2162 ‚
1195 2117 1262 2169 qui
1291 2127 1381 2155 cum
1410 2114 1586 2155 Luciano
1614 2127 1696 2154 non

185 2191 415 2236 cohaerent,
445 2194 621 2230 exstant.
673 2189 803 2237 Quare
832 2201 882 2229 ex
909 2189 1021 2229 fonte
1051 2189 1185 2241 aliquo
1213 2191 1351 2228 vetere
1381 2200 1447 2227 eas
1477 2190 1697 2239 sumpserit

185 2276 350 2303 necesse
381 2267 454 2302 est.
511 2263 612 2302 Sunt
641 2266 773 2302 autem
804 2261 957 2312 dialogi
987 2265 1026 2302 et
1054 2261 1299 2309 XXIIImuS,
1329 2261 1466 2301 eadem
1496 2261 1603 2300 enim
1631 2260 1693 2300 fa-

184 2337 279 2376 bula
307 2337 356 2376 ab
387 2336 546 2387 Hygino
566 2335 598 2387 1)
628 2339 829 2383 narratur,
859 2338 899 2374 et
919 2334 1199 2383 XXVIIImus,
1226 2333 1293 2373 ubi
1323 2333 1492 2374 eundem
1519 2333 1695 2372 fortasse

185 2410 353 2456 fontem,
396 2421 513 2461 quem
553 2408 720 2448 Ovidius
761 2409 801 2447 in
841 2407 1005 2447 Metam.
1049 2406 1139 2456 XII,
1167 2406 1388 2455 316—338‚
1432 2408 1593 2445 secutus
1624 2409 1695 2446 est.

185 2483 478 2531 Argumentum
509 2480 659 2529 dialogi
687 2480 836 2530 XIImi,
867 2492 944 2532 quo
974 2479 1205 2519 Alexander
1235 2481 1276 2518 et
1289 2477 1493 2518 Hannibal
1510 2464 1697 2520 desum-

274 2637 310 2679 1)
337 2637 397 2667 sab.
427 2637 485 2668 103
511 2636 558 2667 ed.
584 2636 706 2668 Bernh.
732 2638 846 2668 ssunte.
871 2635 998 2677 Lipsiae
1025 2636 1115 2669 1856.
