1860 2936
733 175 775 183 ..
888 154 912 191 5
1020 176 1071 183 .-

159 258 570 309 multis-argumentis
599 256 702 297 alius
732 257 940 310 scriptoris
980 270 1069 298 esse
1104 258 1397 299 demonstravit
1410 257 1456 309 ¹).
1512 254 1665 303 Quodsi

158 343 227 372 eos
255 331 394 379 libros,
423 331 472 371 de
501 341 671 382 quorum
700 329 951 379 genuinitato
977 342 1002 370 a
1028 329 1131 369 viris
1155 329 1285 369 doctis
1301 329 1550 383 suspiciones
1579 339 1664 366 mo-

115 416 117 421 ’
154 408 221 444 tae
251 408 365 451 sunt,
386 403 809 455 ‘perlustraverimus,
847 403 1025 455 aliquam
1062 402 1206 442 saltem
1246 415 1382 443 eorum
1410 405 1567 455 partem
1603 400 1664 440 ita

157 478 433 528 comparatam
461 486 547 513 esse
576 473 872 522 iudicabimus,
913 477 958 513 ut
986 475 1053 513 vix
1093 476 1247 525 sperari
1285 474 1435 526 possit,
1469 484 1661 525 unquam,

156 549 288 588 sintne
316 547 484 588 Luciani
513 558 664 595 necne,
691 546 742 585 ad
771 541 967 598 liquidum
995 546 1163 598 perduci
1190 559 1322 599 posse.
1377 545 1570 587 Nonnulli
1597 548 1662 584 ta-

155 633 249 661 men
276 620 410 661 inuria
437 619 663 660 addubitati
690 618 898 667 videntur,
939 631 1055 672 quem
1092 620 1135 659 in
1169 632 1378 660 numerum
1415 631 1507 660 cum
1544 617 1661 664 alios,

154 698 239 733 tum
267 693 443 732 maxime
473 705 552 740 eos,
582 691 631 732 de
659 691 802 744 quibus
828 704 948 742 agere
976 692 1071 731 mibi
1099 693 1302 744 proposui,
1328 694 1481 739 refer03
1509 691 1661 731 bisunt

154 765 319 816 ,dialogi
345 768 621 815 mortuorum‘,
649 764 970 816 ,Necyomantia‘
994 763 1358 818 ‚Icaromenippus‘.

259 856 439 897 Primum
467 862 511 896 ut
538 868 840 907 cognoscamuS‚
869 857 966 908 quid
994 858 1042 896 de
1070 857 1179 897 hisce
1207 859 1368 909 scriptis
1390 863 1431 898 et
1458 857 1661 909 prioribus

154 930 400 983 temporibus
428 930 649 970 iudicatum
678 930 753 974 sit,
789 932 829 969 et
857 929 918 969 his
947 929 1168 978 iudicetur,
1200 942 1266 970 eas
1295 931 1342 970 de
1371 929 1453 970 illis
1484 931 1660 970 virorum
1726 944 1738 956 ·

154 1004 365 1062 doctorum
407 1004 653 1053 sententias,
699 1014 798 1055 quas
844 1002 1004 1054 quidem
1042 1007 1266 1055 compertas
1312 1002 1466 1053 habeo,
1515 1002 1661 1043 allatu·

154 1088 223 1117 rus
249 1088 351 1117 sum.

259 1170 551 1222 Necyomantia
578 1171 658 1210 iam
691 1171 894 1211 veteribus
922 1171 1073 1211 criticis
1101 1172 1373 1223 suspicionem
1401 1172 1538 1228 movit.
1570 1171 1659 1211 Pri-

152 1254 242 1283 mus
271 1247 404 1283 autem
433 1243 602 1283 Solanus
616 1244 650 1295 ²)
682 1242 852 1293 dubitat,
880 1255 931 1283 an
959 1254 984 1282 a
1010 1241 1190 1283 Luciano
1220 1243 1403 1283 confecta
1429 1243 1496 1283 sit.
1525 1242 1660 1282 Verba

147 1316 240 1363 ,eius
268 1319 381 1355 sunt:
409 1315 475 1363 ,de
504 1315 580 1355 hoc
610 1315 803 1367 opusculo
832 1315 1040 1355 addubito.
1082 1316 1199 1356 Certe
1227 1316 1263 1355 si
1290 1312 1504 1366 genuinum
1534 1315 1608 1364 sit,
1638 1326 1662 1353 a

151 1387 309 1427 iuniore
339 1386 514 1426 Luciano
544 1389 740 1439 scriptum
770 1399 858 1427 esse
886 1388 1012 1427 multa
1039 1391 1234 1438 arguunt,
1275 1388 1415 1427 critico
1457 1387 1528 1426 illo
1556 1398 1656 1426 naso

152 1472 232 1499 non
260 1459 361 1499 satis
390 1460 511 1508 digna
538 1490 547 1498 .
577 1490 586 1498 .
616 1490 625 1499 .
654 1459 703 1499 ab
733 1460 868 1511 aliquo
898 1460 1090 1512 scriptum
1118 1464 1232 1511 puto,
1262 1458 1569 1511 quiLucianum
1600 1458 1659 1497 le-

152 1534 290 1581 gerat‘.
359 1530 460 1570 Tum
513 1532 773 1571 annotatione
820 1531 873 1570 ad
908 1530 1045 1572 verba*
1070 1530 1251 1583 Menippi
1295 1533 1336 1581 (ξ
1367 1532 1434 1582 14)
1477 1528 1545 1568 καὶ
1586 1527 1658 1570 τὸν

152 1599 297 1656 Φρύγα
325 1602 547 1642 Τάνταλον
577 1602 771 1655 χαλιπιῦς
807 1600 991 1655 ἔχοντα,
1028 1603 1095 1643 ubi
1124 1603 1374 1643 Fritzschius
1413 1604 1455 1643 in
1484 1603 1658 1644 editione

152 1675 321 1716 Luciani
348 1674 504 1729 χαλέπ’
533 1672 667 1728 ἄλγεα
697 1673 857 1729 ἔχοντα
889 1675 958 1725 (cf.
991 1675 1064 1716 Od.
1091 1675 1160 1722 XI,
1197 1675 1293 1725 582)
1322 1678 1428 1716 recte
1467 1675 1658 1724 restituit,

154 1759 288 1799 ,quam
315 1748 475 1799 frigida,
502 1750 647 1800 inquit,
675 1748 774 1788 haec
804 1752 899 1788 sunt
926 1752 966 1787 et
993 1747 1171 1787 Luciano
1200 1748 1389 1796 indigna!
1420 1748 1538 1800 plura
1563 1752 1659 1791 sunt

151 1819 193 1859 in
220 1818 295 1859 hoc
323 1820 513 1872 opusculo
542 1820 720 1860 eiusdem
748 1820 918 1869 farinae,
947 1821 1048 1872 quae
1065 1823 1264 1863 maturum
1281 1819 1473 1864 iudicium
1492 1820 1659 1865 minime

151 1891 340 1943 sapiunt‘.
395 1891 507 1931 Idem
530 1896 591 1931 est
616 1892 808 1931 iudicium
835 1891 1031 1931 Friderici
1060 1891 1301 1939 Jacobsii³).
1329 1891 1415 1936 Iam
1444 1896 1537 1931 ante
1567 1904 1657 1934 eum

151 1962 413 2013 WielandiuS,
442 1965 521 2017 qui,
549 1967 593 2004 ut
620 1964 677 2005 ait
706 1964 770 2005 Fr.
792 1963 1042 2008 Fritzscbius
1070 1962 1345 2015 (quaestiones
1372 1963 1600 2004 Lucianeae
1618 1976 1659 2016 p.

150 2036 247 2088 209)
275 2049 390 2090 ‚uuus
418 2038 593 2077 omnium
623 2038 773 2089 optime
788 2037 954 2080 Luciani
982 2037 1185 2086 ingenium
1206 2039 1354 2083 norat‘‚
1381 2036 1658 2088 disputatione

151 2107 381 2149 Lucianeae
414 2110 585 2150 versioni
614 2108 877 2154 Germanicae
905 2105 1047 2153 addita
1058 2108 1106 2161 ⁴),
1132 2108 1273 2149 multis
1301 2110 1556 2159 argumentis
1586 2121 1658 2149 ex-

148 2185 352 2233 posuerat,
381 2182 486 2227 hunc
513 2182 719 2234 dialogum
746 2195 796 2227 ex
825 2182 911 2222 eius
936 2181 1126 2237 operibus
1156 2182 1273 2234 quasi
1301 2185 1519 2222 centonem
1548 2195 1657 2223 com-

148 2252 325 2304 positum
354 2257 646 2308 consutumque
666 2267 765 2296 esse.
789 2254 908 2300 Hanc
937 2254 1177 2295 sententiam
1207 2253 1330 2294 etiam
1353 2253 1607 2295 Lehmannus
1623 2257 1656 2304 ⁵)

237 2408 273 2448 1)
296 2408 496 2443 Histoi-ischa
519 2410 583 2444 und
604 2412 836 2453 philologische
860 2410 1037 2444 Analeiten.
1063 2410 1207 2441 munster
1230 2409 1313 2442 18:33
1335 2418 1369 2450 p.
1389 2408 1465 2443 289.

237 2470 276 2511 2)
300 2470 350 2503 ed.
375 2471 542 2513 Biportina
565 2472 615 2505 ΙΙΙ
636 2483 670 2514 p.
693 2473 767 2507 392.

239 2534 277 2574 3)
298 2533 468 2579 Appendix
491 2532 529 2565 ad
554 2519 646 2567 Rich.
668 2534 806 2568 Porsoni
828 2534 1014 2567 adversaria
1036 2543 1069 2576 p.
1091 2533 1164 2566 288.

241 2594 277 2635 4)
300 2595 435 2628 Lucium
457 2594 618 2626 ubersetzt
638 2594 699 2627 Bd.
724 2596 744 2628 3
767 2595 802 2628 S.
825 2595 1006 2630 357-360.

239 2657 274 2698 5)
299 2655 347 2688 ed.
371 2655 504 2688 Luciani
526 2655 653 2698 Lipsiae
676 2653 760 2689 1828
781 2658 822 2693 V.
847 2657 896 2690 111
918 2667 950 2700 p.
972 2656 1045 2699 372,
1068 2656 1146 2690 373.
