1860 2936
730 183 780 189 ...
888 160 937 199 17
1044 182 1094 189 .-

158 267 240 318 ptis
266 279 355 306 eum
372 267 554 306 imitatus
572 269 647 315 est,
675 277 806 305 nonne
824 265 1027 316 putandus
1048 266 1110 303 est
1130 265 1200 313 eis,
1218 275 1320 315 quae
1343 264 1661 309 ,Hermotimum‘

161 343 342 391 tempore
369 341 624 391 exceperunt,
653 336 879 378 aemulatus
897 340 1011 377 esse?
1053 336 1169 377 Unde
1197 336 1444 388 proficimus,
1471 339 1518 376 ut
1541 348 1663 376 unam

161 415 348 459 aetatem,
378 424 457 463 qua
486 411 535 451 ab
564 410 639 450 hoc
669 410 810 461 cynico
840 421 1061 461 suspensus
1103 410 1238 457 fuerit,
1281 410 1404 450 fuisse
1434 413 1662 449 statuamus

161 496 328 536 eamque
363 495 442 535 qua
481 484 634 535 primus
678 482 865 523 satiricus
906 482 1120 523 exstiterit.
1175 482 1262 522 Hoc
1305 486 1434 523 autem
1476 486 1662 535 tempore

161 556 281 595 ctiam
310 555 614 607 Necyomantia,
643 555 677 593 si
706 555 866 606 quidem
909 555 1083 605 genuina
1111 558 1184 603 est,
1211 555 1363 606 scripta
1393 556 1449 595 sit
1487 560 1659 606 oportet;

164 641 214 667 ex
242 628 420 679 Menippi
446 627 552 667 enim
580 627 806 666 imitatione
834 627 983 679 partim
1012 639 1072 674 ea,
1101 627 1243 679 quibus
1271 627 1350 666 viri
1380 627 1492 667 docti
1520 627 1663 668 offensi

161 705 268 749 sunt,
296 700 538 753 explicanda
566 712 654 740 esse
682 699 787 739 infra
813 699 941 739 fusius
970 711 1174 751 exponere
1204 700 1388 740 conabor.
1409 723 1459 728 —
1487 701 1662 741 Accedit

164 776 376 813 externum
416 772 620 812 indicium.
677 772 721 811 In
749 774 773 821 ἓ
811 773 860 811 10
896 772 1041 811 bellum
1080 785 1168 812 esse
1208 773 1402 819 refertum
1445 774 1551 824 quod
1581 774 1663 813 bel-

163 845 248 885 lum
303 845 532 886 Parthicum
573 856 661 884 esse
701 845 782 884 iam
823 844 1043 896 Solanus1)
1074 848 1114 884 et
1142 845 1207 885 Fr.
1238 845 1458 886 Fritschius
1495 859 1663 887 monue—

165 922 271 958 runt.
316 918 454 970 [taque
484 917 800 970 ‚Necyomantia‘
829 918 937 958 circa
966 930 1114 958 annum
1147 919 1222 958 164
1249 919 1402 971 scripta
1430 923 1522 959 est„

269 992 494 1038 Quaeritur«,
523 992 682 1043 quando
712 991 873 1040 ,dialogi
895 994 1159 1031 mortuorum‘
1201 993 1384 1043 concepti
1412 992 1495 1031 sint
1522 993 1663 1044 impri-

163 1064 318 1115 misque
347 1067 481 1103 utrum
509 1068 601 1103 ante
630 1059 800 1114 an'post
829 1062 1187 1115 ‚Necyomantiam‘
1218 1065 1498 1115 compositam.
1553 1064 1664 1107 Inter

166 1148 233 1176 eos
262 1140 301 1175 et
327 1136 523 1185 ,dialogos
554 1147 788 1187 superorum
819 1139 859 1175 et
893 1136 1151 1175 marinorum‘
1193 1149 1341 1187 magna
1369 1141 1408 1176 et
1437 1140 1666 1187 argumenti

166 1212 207 1247 et
241 1208 444 1248 scribendi
485 1209 650 1248 rationis
696 1208 915 1248 similitudo
954 1208 1189 1256 intercedit3
1234 1221 1355 1260 quare
1396 1211 1538 1249 eodem
1581 1212 1665 1251 fere

166 1273 348 1332 tempore
375 1280 448 1319 hos
478 1292 610 1320 omnes
640 1272 883 1332 compositos
913 1292 1000 1320 esse
1028 1281 1225 1332 suspicari
1254 1281 1361 1322 licet.
1403 1281 1551 1332 Eidem,
1573 1296 1665 1324 vero

166 1352 386 1392 Lucianum
417 1356 456 1393 et
478 1353 579 1393 scite
607 1352 857 1405 feliciterque
885 1352 1043 1393 fabulas
1062 1354 1113 1393 ad
1132 1353 1344 1393 consilium
1362 1366 1474 1394 suum
1499 1355 1666 1397 idoneas

167 1426 338 1476 elegisse
366 1430 405 1465 et
433 1425 538 1465 salse
577 1425 789 1478 lepideque
829 1426 1037 1478 opiniones
1075 1439 1220 1479 pravas
1250 1426 1299 1467 de
1329 1427 1414 1468 deis
1453 1434 1667 1482 conceptas

166 1499 307 1539 risisse
342 1498 568 1538 ostendunt.
624 1499 828 1551 Nusquam
872 1503 1007 1539 autem
1044 1500 1103 1539 ita
1142 1500 1334 1551 loquitur,
1371 1505 1416 1540 ut
1456 1502 1551 1541 deos
1590 1517 1669 1543 non

169 1584 256 1611 esse
285 1581 502 1612 asseveret.
558 1572 707 1612 Contra
734 1584 835 1623 quae
864 1584 945 1611 non
973 1585 1124 1614 vereor,
1153 1586 1203 1612 ne
1233 1572 1333 1624 quis,
1370 1585 1469 1625 quae
1499 1575 1670 1625 dialogis

169 1649 415 1684 mortuorum
445 1646 469 1684 3
498 1649 537 1684 et
567 1645 615 1685 16
651 1648 817 1684 narrata
854 1649 958 1690 sunt,
987 1644 1138 1684 afferat.
1196 1646 1299 1684 Nam
1327 1645 1383 1685 ibi
1425 1659 1580 1698 quoque
1608 1648 1670 1688 fa-

170 1717 286 1756 bulae
314 1722 470 1756 tantum
510 1729 723 1768 perversae
760 1717 936 1771 ludibrio
973 1716 1191 1766 habentur,
1233 1718 1376 1768 quibus
1418 1719 1670 1771 Trophonius

170 1788 333 1828 oracula
369 1789 581 1828 Lebadeae
622 1790 738 1829 edere
780 1790 965 1840 idemque
994 1789 1035 1828 in
1064 1800 1157 1828 orco
1188 1801 1290 1837 esse,
1334 1795 1374 1829 et
1414 1791 1556 1830 umbra
1585 1794 1671 1833 sola

170 1861 356 1901 Herculis
385 1863 491 1914 apud
519 1862 683 1911 inferos,
711 1862 798 1913 ipse
827 1874 919 1900 vero
946 1863 987 1900 in
1017 1861 1127 1901 coelo
1156 1863 1304 1901 morari
1333 1863 1670 1914 perhibentur.—

171 1935 317 1974 Omnes
345 1935 469 1983 igitur
497 1934 536 1973 hi
567 1934 717 1983 dialogi
744 1936 801 1973 ita
830 1935 1053 1985 comparati
1082 1939 1188 1982 sunt,
1216 1939 1260 1974 ut
1287 1936 1372 1974 vita
1401 1937 1563 1977 deorum
1582 1942 1671 1978 tota

171 2008 222 2046 ad
251 2008 455 2062 'humanae
496 2007 821 2046 consuetudinem
866 2006 1172 2045 accommodata
1211 2006 1277 2046 sit.
1333 2008 1599 2054 Quamobrem
1631 2014 1671 2051 in

171 2079 358 2129 priorem,
389 2091 466 2130 qua
493 2078 640 2118 satiras
669 2079 869 2118 Lucianus
898 2078 1075 2129 scripsit,
1103 2083 1274 2118 aetatem
1303 2092 1372 2119 eos
1400 2082 1549 2121 referre
1580 2095 1673 2123 coa-

173 2151 227 2190 cti
256 2162 412 2198 sumus3
440 2163 569 2203 neque
598 2151 695 2200 ulla,
740 2150 880 2202 quibus
908 2150 1008 2191 haec
1036 2151 1240 2191 sententia
1267 2152 1477 2200 refutetur,
1521 2155 1675 2196 indicia

173 2216 341 2262 externa
367 2225 637 2275 reperiuntur.
666 2246 714 2251 -
743 2223 915 2262 Dubium
953 2222 1054 2262 illud
1090 2223 1220 2263 solum
1264 2228 1339 2274 est,
1386 2237 1436 2264 an
1465 2227 1545 2265 iam
1575 2232 1674 2277 tum,

174 2307 265 2335 cum
293 2293 527 2347 Menippum
554 2295 736 2335 imitatus
766 2299 839 2339 est,
868 2296 1042 2347 profecti
1069 2297 1160 2336 sint.
1192 2280 1408 2348 'Equidem
1436 2300 1675 2341 crediderim

174 2371 268 2420 post
302 2367 377 2408 hoc
406 2371 562 2419 tempus
591 2368 812 2408 Lucianum
849 2381 916 2408 eos
946 2369 1170 2421 scripsisse.
1228 2369 1340 2416 Quod
1369 2370 1405 2409 si
1432 2383 1569 2412 verum
1600 2380 1677 2417 est,

177 2452 256 2493 pax
273 2440 347 2481 illa
363 2440 427 2490 IV,
443 2442 467 2480 2
488 2442 844 2493 commemorata2)
861 2426 1028 2482 debello
1046 2441 1233 2482 Parthico
1264 2441 1374 2482 finito
1404 2443 1679 2496 intellegenda

259 2609 294 2648 1)
318 2608 366 2640 ed.
391 2609 519 2651 Bipont.
544 2609 603 2641 111.
629 2608 676 2641 ad.
704 2609 735 2642 11.
761 2609 781 2640 l.

259 2671 298 2711 2)
323 2670 396 2702 dial.
422 2675 513 2703 mort.
537 2672 591 2710 lv,
616 2672 645 2703 2.
